Date,Narration,Chq/Ref No,Withdrawal Amt,Deposit Amt,Closing Balance
01-May-2024 00:00,CASH DEPOSIT-CDM,RR787511,0.0,11273.74,26273.74
01-May-2024 10:00,FAILED-UPI-REV,RR880334,3398.69,0.0,22875.06
01-May-2024 20:00,CASH-OUT-AGENT,RR351644,4005.19,0.0,18869.86
02-May-2024 06:00,CASH-OUT-AGENT,RR974109,4565.68,0.0,14304.19
02-May-2024 16:00,FAILED-UPI-REV,RR192476,163.07,0.0,14141.12
03-May-2024 02:00,FAILED-UPI-REV,RR736307,938.41,0.0,13202.71
03-May-2024 12:00,LOCAL WINE STORE,RR638902,446.02,0.0,12756.68
03-May-2024 22:00,ATM WITHDRAWAL,RR802966,1091.46,0.0,11665.22
04-May-2024 08:00,LOCAL WINE STORE,RR145376,994.47,0.0,10670.75
04-May-2024 18:00,CASH-OUT-AGENT,RR131989,2684.83,0.0,7985.91
05-May-2024 04:00,FAILED-UPI-REV,RR446363,1305.97,0.0,6679.94
05-May-2024 14:00,ATM WITHDRAWAL,RR149059,3681.37,0.0,2998.58
06-May-2024 00:00,FAILED-UPI-REV,RR191033,833.41,0.0,2165.17
06-May-2024 10:00,CASH-OUT-AGENT,RR196101,440.0,0.0,1725.17
06-May-2024 20:00,ATM WITHDRAWAL,RR571723,1472.44,0.0,252.73
07-May-2024 06:00,FAILED-UPI-REV,RR825541,4345.57,0.0,-4092.84
07-May-2024 16:00,ATM WITHDRAWAL,RR696789,2047.35,0.0,-6140.19
08-May-2024 02:00,CASH-OUT-AGENT,RR105123,3694.91,0.0,-9835.1
08-May-2024 12:00,LOCAL WINE STORE,RR431519,1594.09,0.0,-11429.2
08-May-2024 22:00,FAILED-UPI-REV,RR849008,3969.73,0.0,-15398.93
09-May-2024 08:00,FAILED-UPI-REV,RR868662,4467.83,0.0,-19866.76
09-May-2024 18:00,FAILED-UPI-REV,RR823313,988.65,0.0,-20855.41
10-May-2024 04:00,ATM WITHDRAWAL,RR854804,1840.96,0.0,-22696.37
10-May-2024 14:00,FAILED-UPI-REV,RR600416,644.61,0.0,-23340.99
11-May-2024 00:00,DREAM11-ENTRY,RR217244,3346.76,0.0,-26687.75
11-May-2024 10:00,LOCAL WINE STORE,RR596407,116.32,0.0,-26804.07
11-May-2024 20:00,LOCAL WINE STORE,RR237620,3796.1,0.0,-30600.17
12-May-2024 06:00,ATM WITHDRAWAL,RR655452,4997.52,0.0,-35597.69
12-May-2024 16:00,FAILED-UPI-REV,RR185289,3983.96,0.0,-39581.66
13-May-2024 02:00,LOCAL WINE STORE,RR238491,3890.19,0.0,-43471.85
13-May-2024 12:00,CASH-OUT-AGENT,RR845599,1097.79,0.0,-44569.63
13-May-2024 22:00,LOCAL WINE STORE,RR406836,297.85,0.0,-44867.49
14-May-2024 08:00,LOCAL WINE STORE,RR254646,1122.84,0.0,-45990.33
14-May-2024 18:00,CASH-OUT-AGENT,RR901540,520.41,0.0,-46510.74
15-May-2024 04:00,CASH-OUT-AGENT,RR773985,1639.39,0.0,-48150.13
15-May-2024 14:00,CASH-OUT-AGENT,RR499159,4405.32,0.0,-52555.46
16-May-2024 00:00,CASH-OUT-AGENT,RR597285,4967.87,0.0,-57523.33
16-May-2024 10:00,FAILED-UPI-REV,RR593961,3428.28,0.0,-60951.61
16-May-2024 20:00,LOCAL WINE STORE,RR739265,4730.33,0.0,-65681.94
17-May-2024 06:00,CASH-OUT-AGENT,RR416882,868.09,0.0,-66550.03
17-May-2024 16:00,LOCAL WINE STORE,RR859417,1939.91,0.0,-68489.95
18-May-2024 02:00,DREAM11-ENTRY,RR489550,1372.3,0.0,-69862.25
18-May-2024 12:00,ATM WITHDRAWAL,RR475260,4938.91,0.0,-74801.16
18-May-2024 22:00,LOCAL WINE STORE,RR253853,3140.43,0.0,-77941.59
19-May-2024 08:00,LOCAL WINE STORE,RR711406,2766.08,0.0,-80707.67
19-May-2024 18:00,LOCAL WINE STORE,RR289082,4915.13,0.0,-85622.79
20-May-2024 04:00,FAILED-UPI-REV,RR582133,1655.02,0.0,-87277.81
20-May-2024 14:00,CASH-OUT-AGENT,RR617713,3229.26,0.0,-90507.07
21-May-2024 00:00,DREAM11-ENTRY,RR678038,4533.34,0.0,-95040.4
21-May-2024 10:00,CASH-OUT-AGENT,RR778780,2633.76,0.0,-97674.16
21-May-2024 20:00,ATM WITHDRAWAL,RR867993,396.03,0.0,-98070.2
22-May-2024 06:00,FAILED-UPI-REV,RR708336,3533.05,0.0,-101603.25
22-May-2024 16:00,FAILED-UPI-REV,RR205830,1602.06,0.0,-103205.31
23-May-2024 02:00,FAILED-UPI-REV,RR272918,923.11,0.0,-104128.42
23-May-2024 12:00,ATM WITHDRAWAL,RR340665,2229.42,0.0,-106357.84
23-May-2024 22:00,CASH-OUT-AGENT,RR640356,1627.94,0.0,-107985.77
24-May-2024 08:00,CASH-OUT-AGENT,RR157438,1627.45,0.0,-109613.23
24-May-2024 18:00,DREAM11-ENTRY,RR457431,4897.16,0.0,-114510.39
25-May-2024 04:00,LOCAL WINE STORE,RR549066,1544.04,0.0,-116054.43
25-May-2024 14:00,LOCAL WINE STORE,RR534372,1395.75,0.0,-117450.18
26-May-2024 00:00,ATM WITHDRAWAL,RR917840,4603.37,0.0,-122053.54
26-May-2024 10:00,FAILED-UPI-REV,RR178579,545.26,0.0,-122598.81
26-May-2024 20:00,DREAM11-ENTRY,RR393358,2451.22,0.0,-125050.03
27-May-2024 06:00,ATM WITHDRAWAL,RR442540,2772.18,0.0,-127822.21
27-May-2024 16:00,ATM WITHDRAWAL,RR955349,1933.06,0.0,-129755.27
28-May-2024 02:00,FAILED-UPI-REV,RR514878,792.27,0.0,-130547.54
28-May-2024 12:00,LOCAL WINE STORE,RR852019,840.77,0.0,-131388.31
28-May-2024 22:00,LOCAL WINE STORE,RR273033,3531.9,0.0,-134920.21
29-May-2024 08:00,ATM WITHDRAWAL,RR336863,2545.25,0.0,-137465.46
29-May-2024 18:00,LOCAL WINE STORE,RR869253,2516.21,0.0,-139981.67
30-May-2024 04:00,DREAM11-ENTRY,RR913235,765.64,0.0,-140747.32
30-May-2024 14:00,FAILED-UPI-REV,RR163436,2228.49,0.0,-142975.81
31-May-2024 00:00,CASH-OUT-AGENT,RR821424,4345.71,0.0,-147321.51
31-May-2024 10:00,CASH-OUT-AGENT,RR567434,876.87,0.0,-148198.38
31-May-2024 20:00,ATM WITHDRAWAL,RR934529,1796.3,0.0,-149994.68
01-Jun-2024 06:00,CASH-OUT-AGENT,RR805262,2920.6,0.0,-152915.27
01-Jun-2024 16:00,CASH-OUT-AGENT,RR716174,4563.96,0.0,-157479.23
02-Jun-2024 02:00,LOCAL WINE STORE,RR867144,4082.88,0.0,-161562.11
02-Jun-2024 12:00,ATM WITHDRAWAL,RR817393,1053.82,0.0,-162615.93
02-Jun-2024 22:00,LOCAL WINE STORE,RR609586,3941.84,0.0,-166557.77
03-Jun-2024 08:00,DREAM11-ENTRY,RR119523,268.49,0.0,-166826.26
03-Jun-2024 18:00,LOCAL WINE STORE,RR136976,441.77,0.0,-167268.03
04-Jun-2024 04:00,LOCAL WINE STORE,RR593308,1971.89,0.0,-169239.92
04-Jun-2024 14:00,CASH-OUT-AGENT,RR418850,3540.72,0.0,-172780.64
05-Jun-2024 00:00,CASH-OUT-AGENT,RR553831,1524.46,0.0,-174305.09
05-Jun-2024 10:00,LOCAL WINE STORE,RR378805,3825.88,0.0,-178130.98
05-Jun-2024 20:00,DREAM11-ENTRY,RR439783,2469.5,0.0,-180600.48
06-Jun-2024 06:00,CASH-OUT-AGENT,RR503557,2729.01,0.0,-183329.49
06-Jun-2024 16:00,ATM WITHDRAWAL,RR482336,350.47,0.0,-183679.96
07-Jun-2024 02:00,ATM WITHDRAWAL,RR530874,1525.93,0.0,-185205.89
07-Jun-2024 12:00,DREAM11-ENTRY,RR830524,1983.61,0.0,-187189.51
07-Jun-2024 22:00,FAILED-UPI-REV,RR798382,4170.1,0.0,-191359.6
08-Jun-2024 08:00,FAILED-UPI-REV,RR143374,2215.55,0.0,-193575.15
08-Jun-2024 18:00,CASH-OUT-AGENT,RR953559,2180.59,0.0,-195755.74
09-Jun-2024 04:00,FAILED-UPI-REV,RR267878,1334.84,0.0,-197090.59
09-Jun-2024 14:00,FAILED-UPI-REV,RR702975,555.2,0.0,-197645.79
10-Jun-2024 00:00,CASH-OUT-AGENT,RR440505,2698.09,0.0,-200343.88
10-Jun-2024 10:00,ATM WITHDRAWAL,RR182362,2371.03,0.0,-202714.9
10-Jun-2024 20:00,ATM WITHDRAWAL,RR818852,4457.74,0.0,-207172.65
11-Jun-2024 06:00,DREAM11-ENTRY,RR800138,1338.94,0.0,-208511.59
11-Jun-2024 16:00,ATM WITHDRAWAL,RR614112,277.5,0.0,-208789.08
12-Jun-2024 02:00,CASH-OUT-AGENT,RR642631,727.25,0.0,-209516.33
12-Jun-2024 12:00,FAILED-UPI-REV,RR825211,4242.59,0.0,-213758.93
12-Jun-2024 22:00,DREAM11-ENTRY,RR269072,4959.16,0.0,-218718.09
13-Jun-2024 08:00,CASH-OUT-AGENT,RR601501,2599.44,0.0,-221317.53
13-Jun-2024 18:00,FAILED-UPI-REV,RR897430,2750.13,0.0,-224067.66
14-Jun-2024 04:00,ATM WITHDRAWAL,RR564762,367.39,0.0,-224435.05
14-Jun-2024 14:00,ATM WITHDRAWAL,RR860069,3219.27,0.0,-227654.32
15-Jun-2024 00:00,LOCAL WINE STORE,RR802091,3880.3,0.0,-231534.63
15-Jun-2024 10:00,DREAM11-ENTRY,RR648693,1592.69,0.0,-233127.31
15-Jun-2024 20:00,LOCAL WINE STORE,RR808670,390.81,0.0,-233518.12
16-Jun-2024 06:00,DREAM11-ENTRY,RR777850,119.51,0.0,-233637.64
16-Jun-2024 16:00,DREAM11-ENTRY,RR707970,2422.21,0.0,-236059.85
17-Jun-2024 02:00,ATM WITHDRAWAL,RR764788,3580.74,0.0,-239640.59
17-Jun-2024 12:00,CASH-OUT-AGENT,RR967382,569.13,0.0,-240209.73
17-Jun-2024 22:00,FAILED-UPI-REV,RR551382,1028.17,0.0,-241237.9
18-Jun-2024 08:00,DREAM11-ENTRY,RR950763,1109.18,0.0,-242347.07
18-Jun-2024 18:00,DREAM11-ENTRY,RR891317,3337.24,0.0,-245684.31
19-Jun-2024 04:00,DREAM11-ENTRY,RR133875,710.08,0.0,-246394.39
19-Jun-2024 14:00,DREAM11-ENTRY,RR459175,1710.81,0.0,-248105.19
20-Jun-2024 00:00,LOCAL WINE STORE,RR608544,937.84,0.0,-249043.03
20-Jun-2024 10:00,CASH-OUT-AGENT,RR324437,2689.07,0.0,-251732.1
20-Jun-2024 20:00,LOCAL WINE STORE,RR207163,2110.43,0.0,-253842.53
21-Jun-2024 06:00,FAILED-UPI-REV,RR554040,4555.02,0.0,-258397.55
21-Jun-2024 16:00,FAILED-UPI-REV,RR135829,2452.43,0.0,-260849.98
22-Jun-2024 02:00,ATM WITHDRAWAL,RR837221,4853.25,0.0,-265703.23
22-Jun-2024 12:00,CASH-OUT-AGENT,RR981709,4684.2,0.0,-270387.43
22-Jun-2024 22:00,CASH-OUT-AGENT,RR246479,2392.35,0.0,-272779.78
23-Jun-2024 08:00,ATM WITHDRAWAL,RR702492,4201.24,0.0,-276981.02
23-Jun-2024 18:00,FAILED-UPI-REV,RR496765,3954.73,0.0,-280935.75
24-Jun-2024 04:00,FAILED-UPI-REV,RR870072,4472.34,0.0,-285408.1
24-Jun-2024 14:00,FAILED-UPI-REV,RR967612,3938.9,0.0,-289346.99
25-Jun-2024 00:00,FAILED-UPI-REV,RR997299,3360.22,0.0,-292707.21
25-Jun-2024 10:00,FAILED-UPI-REV,RR140789,3431.07,0.0,-296138.28
25-Jun-2024 20:00,CASH-OUT-AGENT,RR184729,297.77,0.0,-296436.04
26-Jun-2024 06:00,LOCAL WINE STORE,RR293425,3726.17,0.0,-300162.21
26-Jun-2024 16:00,ATM WITHDRAWAL,RR724015,2133.85,0.0,-302296.07
27-Jun-2024 02:00,CASH-OUT-AGENT,RR668520,558.08,0.0,-302854.15
27-Jun-2024 12:00,LOCAL WINE STORE,RR410973,962.09,0.0,-303816.24
27-Jun-2024 22:00,CASH-OUT-AGENT,RR842550,1853.32,0.0,-305669.56
28-Jun-2024 08:00,ATM WITHDRAWAL,RR164817,1671.19,0.0,-307340.75
28-Jun-2024 18:00,DREAM11-ENTRY,RR820755,2975.29,0.0,-310316.04
29-Jun-2024 04:00,ATM WITHDRAWAL,RR303205,841.88,0.0,-311157.92
29-Jun-2024 14:00,LOCAL WINE STORE,RR157538,4000.78,0.0,-315158.71
30-Jun-2024 00:00,ATM WITHDRAWAL,RR233531,3937.23,0.0,-319095.94
30-Jun-2024 10:00,FAILED-UPI-REV,RR912976,997.47,0.0,-320093.41
30-Jun-2024 20:00,FAILED-UPI-REV,RR329192,2561.7,0.0,-322655.11
01-Jul-2024 06:00,DREAM11-ENTRY,RR453301,1053.92,0.0,-323709.02
01-Jul-2024 16:00,CASH-OUT-AGENT,RR471302,2759.51,0.0,-326468.54
02-Jul-2024 02:00,DREAM11-ENTRY,RR904141,3538.47,0.0,-330007.01
02-Jul-2024 12:00,LOCAL WINE STORE,RR198452,2264.75,0.0,-332271.76
02-Jul-2024 22:00,DREAM11-ENTRY,RR548417,4207.05,0.0,-336478.81
03-Jul-2024 08:00,FAILED-UPI-REV,RR252848,866.48,0.0,-337345.29
03-Jul-2024 18:00,ATM WITHDRAWAL,RR727590,3293.53,0.0,-340638.82
04-Jul-2024 04:00,FAILED-UPI-REV,RR635359,996.85,0.0,-341635.68
04-Jul-2024 14:00,LOCAL WINE STORE,RR186914,4724.39,0.0,-346360.07
05-Jul-2024 00:00,CASH-OUT-AGENT,RR846364,1031.76,0.0,-347391.83
05-Jul-2024 10:00,DREAM11-ENTRY,RR559045,530.78,0.0,-347922.61
05-Jul-2024 20:00,ATM WITHDRAWAL,RR627331,3904.13,0.0,-351826.74
06-Jul-2024 06:00,LOCAL WINE STORE,RR787173,3113.68,0.0,-354940.41
06-Jul-2024 16:00,CASH-OUT-AGENT,RR125063,1296.44,0.0,-356236.86
07-Jul-2024 02:00,CASH-OUT-AGENT,RR264486,3855.69,0.0,-360092.55
07-Jul-2024 12:00,FAILED-UPI-REV,RR193785,2716.52,0.0,-362809.07
07-Jul-2024 22:00,DREAM11-ENTRY,RR413936,3849.68,0.0,-366658.75
08-Jul-2024 08:00,CASH-OUT-AGENT,RR827102,767.11,0.0,-367425.86
08-Jul-2024 18:00,CASH-OUT-AGENT,RR317383,4418.17,0.0,-371844.03
09-Jul-2024 04:00,LOCAL WINE STORE,RR207101,4735.35,0.0,-376579.38
09-Jul-2024 14:00,CASH-OUT-AGENT,RR657209,3129.5,0.0,-379708.88
10-Jul-2024 00:00,DREAM11-ENTRY,RR283485,3795.73,0.0,-383504.61
10-Jul-2024 10:00,ATM WITHDRAWAL,RR675656,4740.98,0.0,-388245.59
10-Jul-2024 20:00,LOCAL WINE STORE,RR790183,824.91,0.0,-389070.51
11-Jul-2024 06:00,ATM WITHDRAWAL,RR481941,3424.63,0.0,-392495.14
11-Jul-2024 16:00,DREAM11-ENTRY,RR130185,2021.17,0.0,-394516.31
12-Jul-2024 02:00,LOCAL WINE STORE,RR635864,4911.17,0.0,-399427.48
12-Jul-2024 12:00,CASH-OUT-AGENT,RR501318,4529.79,0.0,-403957.28
12-Jul-2024 22:00,LOCAL WINE STORE,RR122718,3933.26,0.0,-407890.53
13-Jul-2024 08:00,ATM WITHDRAWAL,RR286072,1718.06,0.0,-409608.6
13-Jul-2024 18:00,ATM WITHDRAWAL,RR575521,640.93,0.0,-410249.52
14-Jul-2024 04:00,DREAM11-ENTRY,RR440252,3245.69,0.0,-413495.22
14-Jul-2024 14:00,LOCAL WINE STORE,RR417292,4547.69,0.0,-418042.91
15-Jul-2024 00:00,ATM WITHDRAWAL,RR450093,3889.8,0.0,-421932.71
15-Jul-2024 10:00,CASH-OUT-AGENT,RR328809,4998.3,0.0,-426931.01
15-Jul-2024 20:00,DREAM11-ENTRY,RR547275,1503.4,0.0,-428434.42
16-Jul-2024 06:00,CASH-OUT-AGENT,RR857190,913.57,0.0,-429347.99
16-Jul-2024 16:00,FAILED-UPI-REV,RR448368,4936.97,0.0,-434284.96
17-Jul-2024 02:00,CASH-OUT-AGENT,RR942007,346.87,0.0,-434631.83
17-Jul-2024 12:00,CASH-OUT-AGENT,RR270001,2514.02,0.0,-437145.85
17-Jul-2024 22:00,LOCAL WINE STORE,RR844811,131.43,0.0,-437277.29
18-Jul-2024 08:00,CASH-OUT-AGENT,RR413714,4503.17,0.0,-441780.46
18-Jul-2024 18:00,LOCAL WINE STORE,RR454290,4549.85,0.0,-446330.31
19-Jul-2024 04:00,DREAM11-ENTRY,RR733504,4518.28,0.0,-450848.59
19-Jul-2024 14:00,CASH-OUT-AGENT,RR694920,3555.08,0.0,-454403.67
20-Jul-2024 00:00,CASH-OUT-AGENT,RR695979,3667.62,0.0,-458071.29
20-Jul-2024 10:00,FAILED-UPI-REV,RR832011,1099.35,0.0,-459170.64
20-Jul-2024 20:00,DREAM11-ENTRY,RR205833,3135.51,0.0,-462306.14
21-Jul-2024 06:00,ATM WITHDRAWAL,RR793500,4625.29,0.0,-466931.43
21-Jul-2024 16:00,FAILED-UPI-REV,RR874622,3895.18,0.0,-470826.62
22-Jul-2024 02:00,ATM WITHDRAWAL,RR811041,2068.77,0.0,-472895.38
22-Jul-2024 12:00,DREAM11-ENTRY,RR704088,2027.96,0.0,-474923.34
22-Jul-2024 22:00,LOCAL WINE STORE,RR317101,3768.79,0.0,-478692.13
23-Jul-2024 08:00,ATM WITHDRAWAL,RR938968,1078.33,0.0,-479770.46
23-Jul-2024 18:00,LOCAL WINE STORE,RR449782,2213.37,0.0,-481983.83
24-Jul-2024 04:00,CASH-OUT-AGENT,RR896193,3090.48,0.0,-485074.31
24-Jul-2024 14:00,DREAM11-ENTRY,RR923792,1964.85,0.0,-487039.16
25-Jul-2024 00:00,FAILED-UPI-REV,RR946093,2352.58,0.0,-489391.74
25-Jul-2024 10:00,DREAM11-ENTRY,RR469262,4026.02,0.0,-493417.76
25-Jul-2024 20:00,DREAM11-ENTRY,RR858178,4520.33,0.0,-497938.09
26-Jul-2024 06:00,DREAM11-ENTRY,RR580168,4152.25,0.0,-502090.34
26-Jul-2024 16:00,ATM WITHDRAWAL,RR325215,4921.76,0.0,-507012.1
27-Jul-2024 02:00,FAILED-UPI-REV,RR355694,1286.89,0.0,-508298.99
27-Jul-2024 12:00,LOCAL WINE STORE,RR954598,1243.28,0.0,-509542.26
27-Jul-2024 22:00,LOCAL WINE STORE,RR429608,1306.82,0.0,-510849.08
28-Jul-2024 08:00,CASH-OUT-AGENT,RR880497,3618.22,0.0,-514467.3
28-Jul-2024 18:00,ATM WITHDRAWAL,RR928853,4414.15,0.0,-518881.45
29-Jul-2024 04:00,FAILED-UPI-REV,RR807396,1393.6,0.0,-520275.05
29-Jul-2024 14:00,LOCAL WINE STORE,RR928692,443.14,0.0,-520718.19
30-Jul-2024 00:00,CASH-OUT-AGENT,RR978975,2638.89,0.0,-523357.08
30-Jul-2024 10:00,CASH-OUT-AGENT,RR134729,245.18,0.0,-523602.26
30-Jul-2024 20:00,ATM WITHDRAWAL,RR777317,2123.79,0.0,-525726.05
31-Jul-2024 06:00,CASH-OUT-AGENT,RR694515,2142.06,0.0,-527868.11
31-Jul-2024 16:00,LOCAL WINE STORE,RR500912,4141.88,0.0,-532009.99
01-Aug-2024 02:00,DREAM11-ENTRY,RR249435,2902.88,0.0,-534912.87
01-Aug-2024 12:00,DREAM11-ENTRY,RR777977,3422.74,0.0,-538335.61
01-Aug-2024 22:00,ATM WITHDRAWAL,RR638794,1383.03,0.0,-539718.64
02-Aug-2024 08:00,CASH-OUT-AGENT,RR782742,543.69,0.0,-540262.33
02-Aug-2024 18:00,ATM WITHDRAWAL,RR682404,3598.11,0.0,-543860.44
03-Aug-2024 04:00,CASH-OUT-AGENT,RR818927,4486.86,0.0,-548347.3
03-Aug-2024 14:00,ATM WITHDRAWAL,RR447034,4453.35,0.0,-552800.65
04-Aug-2024 00:00,CASH-OUT-AGENT,RR679738,1990.39,0.0,-554791.05
04-Aug-2024 10:00,DREAM11-ENTRY,RR712308,474.84,0.0,-555265.88
04-Aug-2024 20:00,CASH-OUT-AGENT,RR894104,3845.59,0.0,-559111.47
05-Aug-2024 06:00,FAILED-UPI-REV,RR274313,105.56,0.0,-559217.03
05-Aug-2024 16:00,LOCAL WINE STORE,RR284405,4909.75,0.0,-564126.78
06-Aug-2024 02:00,DREAM11-ENTRY,RR713161,2734.27,0.0,-566861.05
06-Aug-2024 12:00,CASH-OUT-AGENT,RR446730,2261.37,0.0,-569122.42
06-Aug-2024 22:00,LOCAL WINE STORE,RR112188,3044.65,0.0,-572167.07
07-Aug-2024 08:00,FAILED-UPI-REV,RR257847,3599.78,0.0,-575766.85
07-Aug-2024 18:00,FAILED-UPI-REV,RR919210,3109.59,0.0,-578876.45
08-Aug-2024 04:00,ATM WITHDRAWAL,RR479414,4500.4,0.0,-583376.84
08-Aug-2024 14:00,LOCAL WINE STORE,RR404405,4247.81,0.0,-587624.65
09-Aug-2024 00:00,FAILED-UPI-REV,RR256651,2328.46,0.0,-589953.11
09-Aug-2024 10:00,LOCAL WINE STORE,RR159099,1742.27,0.0,-591695.38
09-Aug-2024 20:00,DREAM11-ENTRY,RR629211,3041.36,0.0,-594736.74
10-Aug-2024 06:00,CASH-OUT-AGENT,RR932294,2577.7,0.0,-597314.44
10-Aug-2024 16:00,LOCAL WINE STORE,RR490867,3242.66,0.0,-600557.1
11-Aug-2024 02:00,ATM WITHDRAWAL,RR123263,4367.68,0.0,-604924.78
11-Aug-2024 12:00,DREAM11-ENTRY,RR702492,4543.25,0.0,-609468.04
11-Aug-2024 22:00,ATM WITHDRAWAL,RR354417,2177.41,0.0,-611645.45
12-Aug-2024 08:00,CASH-OUT-AGENT,RR972937,2734.68,0.0,-614380.13
12-Aug-2024 18:00,DREAM11-ENTRY,RR829758,4772.99,0.0,-619153.12
13-Aug-2024 04:00,CASH DEPOSIT-CDM,RR942692,0.0,10969.1,-608184.02
13-Aug-2024 14:00,DREAM11-ENTRY,RR436897,2181.44,0.0,-610365.46
14-Aug-2024 00:00,FAILED-UPI-REV,RR888776,1439.69,0.0,-611805.15
14-Aug-2024 10:00,FAILED-UPI-REV,RR131893,2069.37,0.0,-613874.51
14-Aug-2024 20:00,DREAM11-ENTRY,RR555911,4316.45,0.0,-618190.96
15-Aug-2024 06:00,CASH-OUT-AGENT,RR755248,3901.62,0.0,-622092.59
15-Aug-2024 16:00,ATM WITHDRAWAL,RR829358,3226.46,0.0,-625319.04
16-Aug-2024 02:00,ATM WITHDRAWAL,RR875991,1310.12,0.0,-626629.16
16-Aug-2024 12:00,CASH-OUT-AGENT,RR794806,3318.83,0.0,-629947.99
16-Aug-2024 22:00,DREAM11-ENTRY,RR917497,2513.92,0.0,-632461.92
17-Aug-2024 08:00,ATM WITHDRAWAL,RR504680,4001.05,0.0,-636462.97
17-Aug-2024 18:00,FAILED-UPI-REV,RR766456,244.93,0.0,-636707.9
18-Aug-2024 04:00,CASH-OUT-AGENT,RR986190,725.59,0.0,-637433.48
18-Aug-2024 14:00,DREAM11-ENTRY,RR316332,3456.8,0.0,-640890.28
19-Aug-2024 00:00,DREAM11-ENTRY,RR284095,1625.18,0.0,-642515.45
19-Aug-2024 10:00,ATM WITHDRAWAL,RR789136,2214.04,0.0,-644729.5
19-Aug-2024 20:00,DREAM11-ENTRY,RR593683,1635.78,0.0,-646365.28
20-Aug-2024 06:00,LOCAL WINE STORE,RR712348,357.32,0.0,-646722.6
20-Aug-2024 16:00,FAILED-UPI-REV,RR206805,1219.3,0.0,-647941.91
21-Aug-2024 02:00,CASH-OUT-AGENT,RR436020,1621.16,0.0,-649563.07
21-Aug-2024 12:00,LOCAL WINE STORE,RR254063,305.89,0.0,-649868.96
21-Aug-2024 22:00,ATM WITHDRAWAL,RR430944,1240.8,0.0,-651109.76
22-Aug-2024 08:00,ATM WITHDRAWAL,RR957490,1850.48,0.0,-652960.23
22-Aug-2024 18:00,ATM WITHDRAWAL,RR647263,412.79,0.0,-653373.02
23-Aug-2024 04:00,CASH-OUT-AGENT,RR500739,3442.92,0.0,-656815.94
23-Aug-2024 14:00,LOCAL WINE STORE,RR650618,147.49,0.0,-656963.42
24-Aug-2024 00:00,LOCAL WINE STORE,RR596437,2143.82,0.0,-659107.24
24-Aug-2024 10:00,FAILED-UPI-REV,RR116245,4434.57,0.0,-663541.81
24-Aug-2024 20:00,DREAM11-ENTRY,RR126758,746.81,0.0,-664288.62
25-Aug-2024 06:00,LOCAL WINE STORE,RR819986,3438.67,0.0,-667727.29
25-Aug-2024 16:00,LOCAL WINE STORE,RR730006,1914.25,0.0,-669641.54
26-Aug-2024 02:00,FAILED-UPI-REV,RR646268,1339.51,0.0,-670981.05
26-Aug-2024 12:00,FAILED-UPI-REV,RR287099,4913.76,0.0,-675894.81
26-Aug-2024 22:00,DREAM11-ENTRY,RR535031,3955.43,0.0,-679850.24
27-Aug-2024 08:00,DREAM11-ENTRY,RR439766,697.04,0.0,-680547.27
27-Aug-2024 18:00,CASH-OUT-AGENT,RR412407,105.37,0.0,-680652.65
28-Aug-2024 04:00,CASH-OUT-AGENT,RR857287,3836.4,0.0,-684489.04
28-Aug-2024 14:00,DREAM11-ENTRY,RR837265,2288.08,0.0,-686777.12
29-Aug-2024 00:00,CASH-OUT-AGENT,RR882775,4945.83,0.0,-691722.94
29-Aug-2024 10:00,CASH-OUT-AGENT,RR826177,3577.96,0.0,-695300.91
29-Aug-2024 20:00,DREAM11-ENTRY,RR465922,1683.6,0.0,-696984.51
30-Aug-2024 06:00,CASH-OUT-AGENT,RR827298,4931.67,0.0,-701916.17
30-Aug-2024 16:00,ATM WITHDRAWAL,RR400632,240.27,0.0,-702156.44
31-Aug-2024 02:00,DREAM11-ENTRY,RR685703,1835.48,0.0,-703991.91
31-Aug-2024 12:00,CASH-OUT-AGENT,RR252139,2659.57,0.0,-706651.48
31-Aug-2024 22:00,FAILED-UPI-REV,RR738073,2658.26,0.0,-709309.74
01-Sep-2024 08:00,DREAM11-ENTRY,RR691611,2646.23,0.0,-711955.98
01-Sep-2024 18:00,LOCAL WINE STORE,RR595754,2847.28,0.0,-714803.26
02-Sep-2024 04:00,FAILED-UPI-REV,RR165923,4549.87,0.0,-719353.13
02-Sep-2024 14:00,FAILED-UPI-REV,RR604759,3330.51,0.0,-722683.64
03-Sep-2024 00:00,ATM WITHDRAWAL,RR142154,2117.37,0.0,-724801.02
03-Sep-2024 10:00,ATM WITHDRAWAL,RR764666,1830.12,0.0,-726631.13
03-Sep-2024 20:00,FAILED-UPI-REV,RR223655,4592.69,0.0,-731223.83
04-Sep-2024 06:00,DREAM11-ENTRY,RR973596,957.92,0.0,-732181.75
04-Sep-2024 16:00,DREAM11-ENTRY,RR704460,2288.74,0.0,-734470.48
05-Sep-2024 02:00,ATM WITHDRAWAL,RR333101,3861.44,0.0,-738331.93
05-Sep-2024 12:00,LOCAL WINE STORE,RR329408,1585.89,0.0,-739917.81
05-Sep-2024 22:00,DREAM11-ENTRY,RR232962,2942.26,0.0,-742860.07
06-Sep-2024 08:00,LOCAL WINE STORE,RR711553,1001.73,0.0,-743861.8
06-Sep-2024 18:00,CASH-OUT-AGENT,RR509433,2057.24,0.0,-745919.04
07-Sep-2024 04:00,CASH-OUT-AGENT,RR695278,3043.88,0.0,-748962.92
07-Sep-2024 14:00,LOCAL WINE STORE,RR490129,2357.79,0.0,-751320.7
08-Sep-2024 00:00,FAILED-UPI-REV,RR493583,4409.81,0.0,-755730.52
08-Sep-2024 10:00,FAILED-UPI-REV,RR907394,734.16,0.0,-756464.68
08-Sep-2024 20:00,ATM WITHDRAWAL,RR564391,522.72,0.0,-756987.41
09-Sep-2024 06:00,DREAM11-ENTRY,RR180615,4691.63,0.0,-761679.04
09-Sep-2024 16:00,LOCAL WINE STORE,RR378642,1809.37,0.0,-763488.41
10-Sep-2024 02:00,LOCAL WINE STORE,RR363815,906.57,0.0,-764394.99
10-Sep-2024 12:00,ATM WITHDRAWAL,RR363692,2510.23,0.0,-766905.21
10-Sep-2024 22:00,CASH-OUT-AGENT,RR125522,2703.98,0.0,-769609.2
11-Sep-2024 08:00,FAILED-UPI-REV,RR911528,118.24,0.0,-769727.44
11-Sep-2024 18:00,LOCAL WINE STORE,RR502876,3702.47,0.0,-773429.91
12-Sep-2024 04:00,FAILED-UPI-REV,RR982683,4552.89,0.0,-777982.8
12-Sep-2024 14:00,CASH-OUT-AGENT,RR860183,229.07,0.0,-778211.86
13-Sep-2024 00:00,CASH-OUT-AGENT,RR992873,2058.43,0.0,-780270.3
13-Sep-2024 10:00,DREAM11-ENTRY,RR888594,3073.83,0.0,-783344.13
13-Sep-2024 20:00,DREAM11-ENTRY,RR407560,1576.73,0.0,-784920.86
14-Sep-2024 06:00,CASH-OUT-AGENT,RR291060,541.51,0.0,-785462.37
14-Sep-2024 16:00,CASH-OUT-AGENT,RR464325,3089.29,0.0,-788551.66
15-Sep-2024 02:00,DREAM11-ENTRY,RR619255,4186.67,0.0,-792738.33
15-Sep-2024 12:00,LOCAL WINE STORE,RR781051,4057.04,0.0,-796795.37
15-Sep-2024 22:00,LOCAL WINE STORE,RR686625,4689.07,0.0,-801484.44
16-Sep-2024 08:00,DREAM11-ENTRY,RR930616,4248.47,0.0,-805732.92
16-Sep-2024 18:00,ATM WITHDRAWAL,RR979874,2316.39,0.0,-808049.31
17-Sep-2024 04:00,DREAM11-ENTRY,RR120024,2433.47,0.0,-810482.77
17-Sep-2024 14:00,DREAM11-ENTRY,RR900680,2040.41,0.0,-812523.18
18-Sep-2024 00:00,LOCAL WINE STORE,RR254823,4274.98,0.0,-816798.17
18-Sep-2024 10:00,LOCAL WINE STORE,RR905293,3600.81,0.0,-820398.98
18-Sep-2024 20:00,FAILED-UPI-REV,RR445482,4264.51,0.0,-824663.49
19-Sep-2024 06:00,FAILED-UPI-REV,RR717862,1210.78,0.0,-825874.27
19-Sep-2024 16:00,DREAM11-ENTRY,RR855601,2337.52,0.0,-828211.79
20-Sep-2024 02:00,ATM WITHDRAWAL,RR256483,3125.88,0.0,-831337.67
20-Sep-2024 12:00,FAILED-UPI-REV,RR708854,4137.55,0.0,-835475.23
20-Sep-2024 22:00,LOCAL WINE STORE,RR889490,268.56,0.0,-835743.78
21-Sep-2024 08:00,CASH-OUT-AGENT,RR952311,575.24,0.0,-836319.02
21-Sep-2024 18:00,CASH-OUT-AGENT,RR948796,712.16,0.0,-837031.18
22-Sep-2024 04:00,FAILED-UPI-REV,RR359217,3786.27,0.0,-840817.45
22-Sep-2024 14:00,LOCAL WINE STORE,RR607802,3696.21,0.0,-844513.67
23-Sep-2024 00:00,LOCAL WINE STORE,RR861778,4189.87,0.0,-848703.54
23-Sep-2024 10:00,CASH-OUT-AGENT,RR292913,3274.64,0.0,-851978.18
23-Sep-2024 20:00,LOCAL WINE STORE,RR688666,175.83,0.0,-852154.02
24-Sep-2024 06:00,LOCAL WINE STORE,RR228302,1307.21,0.0,-853461.23
24-Sep-2024 16:00,DREAM11-ENTRY,RR246774,824.49,0.0,-854285.72
25-Sep-2024 02:00,CASH-OUT-AGENT,RR865709,1684.42,0.0,-855970.13
25-Sep-2024 12:00,CASH-OUT-AGENT,RR844294,3791.13,0.0,-859761.26
25-Sep-2024 22:00,FAILED-UPI-REV,RR531021,3654.85,0.0,-863416.11
26-Sep-2024 08:00,ATM WITHDRAWAL,RR724515,3955.42,0.0,-867371.53
26-Sep-2024 18:00,ATM WITHDRAWAL,RR822850,1123.33,0.0,-868494.85
27-Sep-2024 04:00,CASH-OUT-AGENT,RR263454,1062.4,0.0,-869557.26
27-Sep-2024 14:00,LOCAL WINE STORE,RR627411,1986.15,0.0,-871543.41
28-Sep-2024 00:00,ATM WITHDRAWAL,RR112301,2568.41,0.0,-874111.82
28-Sep-2024 10:00,CASH-OUT-AGENT,RR643563,3595.8,0.0,-877707.63
28-Sep-2024 20:00,DREAM11-ENTRY,RR640361,305.35,0.0,-878012.98
29-Sep-2024 06:00,LOCAL WINE STORE,RR228741,3252.92,0.0,-881265.89
29-Sep-2024 16:00,ATM WITHDRAWAL,RR206407,1159.75,0.0,-882425.65
30-Sep-2024 02:00,CASH-OUT-AGENT,RR163075,616.69,0.0,-883042.33
30-Sep-2024 12:00,LOCAL WINE STORE,RR296719,118.49,0.0,-883160.82
30-Sep-2024 22:00,FAILED-UPI-REV,RR259348,3095.75,0.0,-886256.57
01-Oct-2024 08:00,FAILED-UPI-REV,RR195607,723.27,0.0,-886979.84
01-Oct-2024 18:00,FAILED-UPI-REV,RR503547,4322.23,0.0,-891302.07
02-Oct-2024 04:00,DREAM11-ENTRY,RR543856,4192.38,0.0,-895494.45
02-Oct-2024 14:00,FAILED-UPI-REV,RR923053,3658.18,0.0,-899152.63
03-Oct-2024 00:00,FAILED-UPI-REV,RR288399,1582.01,0.0,-900734.63
03-Oct-2024 10:00,FAILED-UPI-REV,RR360056,3927.73,0.0,-904662.36
03-Oct-2024 20:00,DREAM11-ENTRY,RR975033,2015.86,0.0,-906678.22
04-Oct-2024 06:00,DREAM11-ENTRY,RR869881,395.66,0.0,-907073.87
04-Oct-2024 16:00,DREAM11-ENTRY,RR180148,2329.09,0.0,-909402.97
05-Oct-2024 02:00,FAILED-UPI-REV,RR149985,363.06,0.0,-909766.02
05-Oct-2024 12:00,DREAM11-ENTRY,RR413359,1699.54,0.0,-911465.56
05-Oct-2024 22:00,LOCAL WINE STORE,RR931188,2333.72,0.0,-913799.28
06-Oct-2024 08:00,FAILED-UPI-REV,RR695487,2280.19,0.0,-916079.47
06-Oct-2024 18:00,CASH-OUT-AGENT,RR917588,1401.25,0.0,-917480.72
07-Oct-2024 04:00,ATM WITHDRAWAL,RR148132,1714.39,0.0,-919195.11
07-Oct-2024 14:00,CASH-OUT-AGENT,RR113695,1761.33,0.0,-920956.44
08-Oct-2024 00:00,LOCAL WINE STORE,RR711368,3549.64,0.0,-924506.08
08-Oct-2024 10:00,ATM WITHDRAWAL,RR762634,119.22,0.0,-924625.3
08-Oct-2024 20:00,FAILED-UPI-REV,RR459479,1312.07,0.0,-925937.37
09-Oct-2024 06:00,ATM WITHDRAWAL,RR583622,1110.69,0.0,-927048.07
09-Oct-2024 16:00,DREAM11-ENTRY,RR820283,3814.73,0.0,-930862.79
10-Oct-2024 02:00,LOCAL WINE STORE,RR338068,2615.45,0.0,-933478.24
10-Oct-2024 12:00,LOCAL WINE STORE,RR834697,2095.05,0.0,-935573.29
10-Oct-2024 22:00,LOCAL WINE STORE,RR928916,195.24,0.0,-935768.53
11-Oct-2024 08:00,DREAM11-ENTRY,RR809565,717.97,0.0,-936486.5
11-Oct-2024 18:00,LOCAL WINE STORE,RR284069,2221.21,0.0,-938707.71
12-Oct-2024 04:00,FAILED-UPI-REV,RR867742,1262.4,0.0,-939970.11
12-Oct-2024 14:00,ATM WITHDRAWAL,RR899511,3987.98,0.0,-943958.1
13-Oct-2024 00:00,ATM WITHDRAWAL,RR631484,1921.97,0.0,-945880.06
13-Oct-2024 10:00,ATM WITHDRAWAL,RR293387,4005.58,0.0,-949885.64
13-Oct-2024 20:00,DREAM11-ENTRY,RR769334,106.42,0.0,-949992.06
14-Oct-2024 06:00,CASH-OUT-AGENT,RR350956,1799.01,0.0,-951791.07
14-Oct-2024 16:00,CASH-OUT-AGENT,RR991442,355.0,0.0,-952146.07
15-Oct-2024 02:00,LOCAL WINE STORE,RR750227,3296.3,0.0,-955442.37
15-Oct-2024 12:00,CASH-OUT-AGENT,RR522331,798.0,0.0,-956240.36
15-Oct-2024 22:00,DREAM11-ENTRY,RR335985,1580.61,0.0,-957820.98
16-Oct-2024 08:00,ATM WITHDRAWAL,RR480484,2764.95,0.0,-960585.93
16-Oct-2024 18:00,CASH-OUT-AGENT,RR977590,4831.02,0.0,-965416.95
17-Oct-2024 04:00,ATM WITHDRAWAL,RR605951,3913.37,0.0,-969330.32
17-Oct-2024 14:00,DREAM11-ENTRY,RR700599,4751.86,0.0,-974082.18
18-Oct-2024 00:00,FAILED-UPI-REV,RR457665,272.21,0.0,-974354.39
18-Oct-2024 10:00,FAILED-UPI-REV,RR569344,2559.42,0.0,-976913.81
18-Oct-2024 20:00,FAILED-UPI-REV,RR436912,4196.04,0.0,-981109.84
19-Oct-2024 06:00,CASH-OUT-AGENT,RR287379,2471.47,0.0,-983581.32
19-Oct-2024 16:00,LOCAL WINE STORE,RR792635,2348.74,0.0,-985930.06
20-Oct-2024 02:00,FAILED-UPI-REV,RR469248,3063.21,0.0,-988993.27
20-Oct-2024 12:00,DREAM11-ENTRY,RR116278,1381.49,0.0,-990374.76
20-Oct-2024 22:00,LOCAL WINE STORE,RR908139,4274.49,0.0,-994649.25
21-Oct-2024 08:00,DREAM11-ENTRY,RR452847,1251.42,0.0,-995900.68
21-Oct-2024 18:00,FAILED-UPI-REV,RR872219,4778.9,0.0,-1000679.57
22-Oct-2024 04:00,LOCAL WINE STORE,RR351690,1003.37,0.0,-1001682.95
22-Oct-2024 14:00,LOCAL WINE STORE,RR926398,2693.11,0.0,-1004376.06
23-Oct-2024 00:00,FAILED-UPI-REV,RR333824,2151.44,0.0,-1006527.49
23-Oct-2024 10:00,FAILED-UPI-REV,RR974440,4357.58,0.0,-1010885.07
23-Oct-2024 20:00,CASH-OUT-AGENT,RR585458,1412.93,0.0,-1012298.0
24-Oct-2024 06:00,DREAM11-ENTRY,RR669817,4468.55,0.0,-1016766.55
24-Oct-2024 16:00,ATM WITHDRAWAL,RR423063,1881.19,0.0,-1018647.73
25-Oct-2024 02:00,ATM WITHDRAWAL,RR578402,783.3,0.0,-1019431.03
25-Oct-2024 12:00,DREAM11-ENTRY,RR390763,902.63,0.0,-1020333.66
25-Oct-2024 22:00,DREAM11-ENTRY,RR655735,325.85,0.0,-1020659.52
26-Oct-2024 08:00,ATM WITHDRAWAL,RR974364,1845.26,0.0,-1022504.78
26-Oct-2024 18:00,CASH-OUT-AGENT,RR720570,4882.12,0.0,-1027386.9
27-Oct-2024 04:00,CASH-OUT-AGENT,RR530711,663.41,0.0,-1028050.31
27-Oct-2024 14:00,CASH-OUT-AGENT,RR965756,2438.15,0.0,-1030488.46
28-Oct-2024 00:00,DREAM11-ENTRY,RR632198,2903.29,0.0,-1033391.75
28-Oct-2024 10:00,FAILED-UPI-REV,RR206985,2298.85,0.0,-1035690.6
28-Oct-2024 20:00,CASH-OUT-AGENT,RR367811,3160.82,0.0,-1038851.42
29-Oct-2024 06:00,ATM WITHDRAWAL,RR288286,3860.67,0.0,-1042712.09
29-Oct-2024 16:00,LOCAL WINE STORE,RR646005,3574.77,0.0,-1046286.86
30-Oct-2024 02:00,CASH-OUT-AGENT,RR588371,4338.64,0.0,-1050625.51
30-Oct-2024 12:00,CASH-OUT-AGENT,RR666789,1712.73,0.0,-1052338.24
30-Oct-2024 22:00,ATM WITHDRAWAL,RR373133,1663.89,0.0,-1054002.13
31-Oct-2024 08:00,FAILED-UPI-REV,RR583756,4471.05,0.0,-1058473.18
31-Oct-2024 18:00,FAILED-UPI-REV,RR901400,3388.93,0.0,-1061862.11
01-Nov-2024 04:00,ATM WITHDRAWAL,RR193665,3224.39,0.0,-1065086.5
01-Nov-2024 14:00,FAILED-UPI-REV,RR151557,1738.62,0.0,-1066825.12
02-Nov-2024 00:00,LOCAL WINE STORE,RR617133,543.5,0.0,-1067368.63
02-Nov-2024 10:00,ATM WITHDRAWAL,RR113416,4001.93,0.0,-1071370.55
02-Nov-2024 20:00,ATM WITHDRAWAL,RR994318,1534.86,0.0,-1072905.41
03-Nov-2024 06:00,DREAM11-ENTRY,RR811839,3334.25,0.0,-1076239.67
03-Nov-2024 16:00,CASH-OUT-AGENT,RR243410,185.0,0.0,-1076424.67
04-Nov-2024 02:00,FAILED-UPI-REV,RR387828,684.78,0.0,-1077109.45
04-Nov-2024 12:00,ATM WITHDRAWAL,RR861551,4849.87,0.0,-1081959.32
04-Nov-2024 22:00,CASH-OUT-AGENT,RR457832,2674.88,0.0,-1084634.2
05-Nov-2024 08:00,DREAM11-ENTRY,RR951244,2144.77,0.0,-1086778.96
05-Nov-2024 18:00,ATM WITHDRAWAL,RR442421,2437.01,0.0,-1089215.97
06-Nov-2024 04:00,CASH-OUT-AGENT,RR373148,715.17,0.0,-1089931.14
06-Nov-2024 14:00,FAILED-UPI-REV,RR282072,2711.79,0.0,-1092642.93
07-Nov-2024 00:00,LOCAL WINE STORE,RR375231,242.75,0.0,-1092885.68
07-Nov-2024 10:00,LOCAL WINE STORE,RR999859,949.13,0.0,-1093834.82
07-Nov-2024 20:00,CASH-OUT-AGENT,RR796680,3967.84,0.0,-1097802.65
08-Nov-2024 06:00,LOCAL WINE STORE,RR944844,1489.86,0.0,-1099292.51
08-Nov-2024 16:00,CASH-OUT-AGENT,RR919777,470.67,0.0,-1099763.18
09-Nov-2024 02:00,FAILED-UPI-REV,RR898631,1450.15,0.0,-1101213.32
09-Nov-2024 12:00,DREAM11-ENTRY,RR285637,3094.52,0.0,-1104307.84
09-Nov-2024 22:00,ATM WITHDRAWAL,RR855890,2997.69,0.0,-1107305.52
10-Nov-2024 08:00,ATM WITHDRAWAL,RR586015,1927.45,0.0,-1109232.97
10-Nov-2024 18:00,ATM WITHDRAWAL,RR231968,3269.09,0.0,-1112502.06
11-Nov-2024 04:00,ATM WITHDRAWAL,RR683031,162.2,0.0,-1112664.26
11-Nov-2024 14:00,ATM WITHDRAWAL,RR240781,2829.7,0.0,-1115493.96
12-Nov-2024 00:00,DREAM11-ENTRY,RR165628,2057.42,0.0,-1117551.38
12-Nov-2024 10:00,CASH-OUT-AGENT,RR494753,2846.59,0.0,-1120397.96
12-Nov-2024 20:00,LOCAL WINE STORE,RR149314,1911.81,0.0,-1122309.78
13-Nov-2024 06:00,LOCAL WINE STORE,RR198628,4234.9,0.0,-1126544.67
13-Nov-2024 16:00,FAILED-UPI-REV,RR501175,1140.44,0.0,-1127685.12
14-Nov-2024 02:00,ATM WITHDRAWAL,RR351771,1184.23,0.0,-1128869.35
14-Nov-2024 12:00,FAILED-UPI-REV,RR624005,4721.69,0.0,-1133591.04
14-Nov-2024 22:00,LOCAL WINE STORE,RR581507,2464.53,0.0,-1136055.57
15-Nov-2024 08:00,LOCAL WINE STORE,RR847862,1937.32,0.0,-1137992.88
15-Nov-2024 18:00,DREAM11-ENTRY,RR523081,3649.77,0.0,-1141642.65
16-Nov-2024 04:00,DREAM11-ENTRY,RR232120,1376.96,0.0,-1143019.62
16-Nov-2024 14:00,FAILED-UPI-REV,RR691286,2924.4,0.0,-1145944.01
17-Nov-2024 00:00,CASH-OUT-AGENT,RR620794,3985.02,0.0,-1149929.03
17-Nov-2024 10:00,CASH-OUT-AGENT,RR268061,4384.88,0.0,-1154313.91
17-Nov-2024 20:00,ATM WITHDRAWAL,RR660171,998.9,0.0,-1155312.81
18-Nov-2024 06:00,ATM WITHDRAWAL,RR543501,2811.82,0.0,-1158124.63
18-Nov-2024 16:00,DREAM11-ENTRY,RR782708,370.35,0.0,-1158494.98
19-Nov-2024 02:00,CASH-OUT-AGENT,RR177530,4041.87,0.0,-1162536.85
19-Nov-2024 12:00,CASH-OUT-AGENT,RR838657,4296.18,0.0,-1166833.02
19-Nov-2024 22:00,LOCAL WINE STORE,RR420013,807.79,0.0,-1167640.82
20-Nov-2024 08:00,DREAM11-ENTRY,RR693717,3724.76,0.0,-1171365.58
20-Nov-2024 18:00,FAILED-UPI-REV,RR731925,2118.23,0.0,-1173483.81
21-Nov-2024 04:00,FAILED-UPI-REV,RR722646,1519.8,0.0,-1175003.6
21-Nov-2024 14:00,LOCAL WINE STORE,RR908062,3333.1,0.0,-1178336.7
22-Nov-2024 00:00,FAILED-UPI-REV,RR437457,3991.71,0.0,-1182328.41
22-Nov-2024 10:00,CASH-OUT-AGENT,RR474821,3240.37,0.0,-1185568.78
22-Nov-2024 20:00,LOCAL WINE STORE,RR979614,4081.31,0.0,-1189650.1
23-Nov-2024 06:00,LOCAL WINE STORE,RR210234,1210.85,0.0,-1190860.95
23-Nov-2024 16:00,ATM WITHDRAWAL,RR447837,2544.48,0.0,-1193405.43
24-Nov-2024 02:00,LOCAL WINE STORE,RR802264,2060.0,0.0,-1195465.43
24-Nov-2024 12:00,FAILED-UPI-REV,RR885531,4920.14,0.0,-1200385.57
24-Nov-2024 22:00,FAILED-UPI-REV,RR484289,1618.13,0.0,-1202003.7
25-Nov-2024 08:00,CASH DEPOSIT-CDM,RR784359,0.0,13105.49,-1188898.21
25-Nov-2024 18:00,ATM WITHDRAWAL,RR365792,1142.74,0.0,-1190040.95
26-Nov-2024 04:00,LOCAL WINE STORE,RR124612,3308.88,0.0,-1193349.83
26-Nov-2024 14:00,ATM WITHDRAWAL,RR573229,3697.9,0.0,-1197047.73
27-Nov-2024 00:00,ATM WITHDRAWAL,RR893885,1348.36,0.0,-1198396.09
27-Nov-2024 10:00,ATM WITHDRAWAL,RR711888,3707.11,0.0,-1202103.2
27-Nov-2024 20:00,CASH-OUT-AGENT,RR979328,640.15,0.0,-1202743.35
28-Nov-2024 06:00,FAILED-UPI-REV,RR675765,3947.96,0.0,-1206691.31
28-Nov-2024 16:00,FAILED-UPI-REV,RR707997,1860.08,0.0,-1208551.39
29-Nov-2024 02:00,ATM WITHDRAWAL,RR258394,4290.59,0.0,-1212841.98
29-Nov-2024 12:00,DREAM11-ENTRY,RR310234,672.4,0.0,-1213514.38
29-Nov-2024 22:00,DREAM11-ENTRY,RR123277,1637.37,0.0,-1215151.75
30-Nov-2024 08:00,LOCAL WINE STORE,RR328144,4754.17,0.0,-1219905.93
30-Nov-2024 18:00,LOCAL WINE STORE,RR647749,2020.36,0.0,-1221926.29
01-Dec-2024 04:00,FAILED-UPI-REV,RR404323,282.4,0.0,-1222208.69
01-Dec-2024 14:00,FAILED-UPI-REV,RR462939,4255.46,0.0,-1226464.15
02-Dec-2024 00:00,CASH-OUT-AGENT,RR445153,778.41,0.0,-1227242.57
02-Dec-2024 10:00,FAILED-UPI-REV,RR894016,4099.18,0.0,-1231341.75
02-Dec-2024 20:00,FAILED-UPI-REV,RR541946,1983.92,0.0,-1233325.67
03-Dec-2024 06:00,ATM WITHDRAWAL,RR163855,1955.26,0.0,-1235280.93
03-Dec-2024 16:00,FAILED-UPI-REV,RR574212,3285.84,0.0,-1238566.77
04-Dec-2024 02:00,LOCAL WINE STORE,RR605258,3089.84,0.0,-1241656.61
04-Dec-2024 12:00,DREAM11-ENTRY,RR617104,3142.38,0.0,-1244798.99
04-Dec-2024 22:00,LOCAL WINE STORE,RR793463,616.15,0.0,-1245415.14
05-Dec-2024 08:00,DREAM11-ENTRY,RR530238,212.82,0.0,-1245627.96
05-Dec-2024 18:00,CASH-OUT-AGENT,RR515170,2795.41,0.0,-1248423.37
06-Dec-2024 04:00,LOCAL WINE STORE,RR819707,1778.66,0.0,-1250202.03
06-Dec-2024 14:00,ATM WITHDRAWAL,RR793077,4463.83,0.0,-1254665.86
07-Dec-2024 00:00,LOCAL WINE STORE,RR711101,616.81,0.0,-1255282.67
07-Dec-2024 10:00,ATM WITHDRAWAL,RR956744,283.51,0.0,-1255566.17
07-Dec-2024 20:00,FAILED-UPI-REV,RR179350,619.48,0.0,-1256185.65
08-Dec-2024 06:00,FAILED-UPI-REV,RR816729,3496.7,0.0,-1259682.36
08-Dec-2024 16:00,CASH-OUT-AGENT,RR228687,4345.26,0.0,-1264027.61
09-Dec-2024 02:00,LOCAL WINE STORE,RR206608,2025.06,0.0,-1266052.68
09-Dec-2024 12:00,ATM WITHDRAWAL,RR941478,428.84,0.0,-1266481.52
09-Dec-2024 22:00,FAILED-UPI-REV,RR695834,2686.96,0.0,-1269168.48
10-Dec-2024 08:00,CASH-OUT-AGENT,RR686838,1670.67,0.0,-1270839.14
10-Dec-2024 18:00,ATM WITHDRAWAL,RR559438,3901.52,0.0,-1274740.66
11-Dec-2024 04:00,CASH-OUT-AGENT,RR595963,4520.67,0.0,-1279261.33
11-Dec-2024 14:00,ATM WITHDRAWAL,RR514376,3432.6,0.0,-1282693.93
12-Dec-2024 00:00,LOCAL WINE STORE,RR909478,4507.79,0.0,-1287201.71
12-Dec-2024 10:00,FAILED-UPI-REV,RR414649,744.0,0.0,-1287945.72
12-Dec-2024 20:00,CASH-OUT-AGENT,RR355390,3745.9,0.0,-1291691.62
13-Dec-2024 06:00,LOCAL WINE STORE,RR180693,3056.21,0.0,-1294747.83
13-Dec-2024 16:00,FAILED-UPI-REV,RR525053,3843.62,0.0,-1298591.45
14-Dec-2024 02:00,LOCAL WINE STORE,RR612679,3128.66,0.0,-1301720.11
14-Dec-2024 12:00,DREAM11-ENTRY,RR607169,3359.47,0.0,-1305079.58
14-Dec-2024 22:00,CASH-OUT-AGENT,RR165974,1289.39,0.0,-1306368.97
15-Dec-2024 08:00,ATM WITHDRAWAL,RR409260,4929.7,0.0,-1311298.67
15-Dec-2024 18:00,CASH-OUT-AGENT,RR357632,4712.76,0.0,-1316011.43
16-Dec-2024 04:00,ATM WITHDRAWAL,RR692937,4491.74,0.0,-1320503.17
16-Dec-2024 14:00,LOCAL WINE STORE,RR325480,4275.4,0.0,-1324778.58
17-Dec-2024 00:00,FAILED-UPI-REV,RR675368,4094.33,0.0,-1328872.91
17-Dec-2024 10:00,CASH-OUT-AGENT,RR196460,3422.49,0.0,-1332295.4
17-Dec-2024 20:00,FAILED-UPI-REV,RR105735,1246.71,0.0,-1333542.11
18-Dec-2024 06:00,FAILED-UPI-REV,RR159271,4541.62,0.0,-1338083.73
18-Dec-2024 16:00,ATM WITHDRAWAL,RR593993,3013.58,0.0,-1341097.31
19-Dec-2024 02:00,CASH-OUT-AGENT,RR363501,1716.92,0.0,-1342814.23
19-Dec-2024 12:00,DREAM11-ENTRY,RR209924,1302.13,0.0,-1344116.35
19-Dec-2024 22:00,DREAM11-ENTRY,RR909646,2899.43,0.0,-1347015.79
20-Dec-2024 08:00,FAILED-UPI-REV,RR292182,4475.78,0.0,-1351491.57
20-Dec-2024 18:00,LOCAL WINE STORE,RR170639,406.48,0.0,-1351898.05
21-Dec-2024 04:00,ATM WITHDRAWAL,RR705550,4634.74,0.0,-1356532.79
21-Dec-2024 14:00,CASH-OUT-AGENT,RR946612,1864.74,0.0,-1358397.53
22-Dec-2024 00:00,FAILED-UPI-REV,RR164797,489.15,0.0,-1358886.68
22-Dec-2024 10:00,CASH-OUT-AGENT,RR518967,2329.17,0.0,-1361215.84
22-Dec-2024 20:00,CASH-OUT-AGENT,RR422795,3119.78,0.0,-1364335.62
23-Dec-2024 06:00,ATM WITHDRAWAL,RR937197,3292.99,0.0,-1367628.61
23-Dec-2024 16:00,DREAM11-ENTRY,RR353962,2259.03,0.0,-1369887.64
24-Dec-2024 02:00,LOCAL WINE STORE,RR741144,1878.55,0.0,-1371766.19
24-Dec-2024 12:00,FAILED-UPI-REV,RR893105,2744.5,0.0,-1374510.69
24-Dec-2024 22:00,ATM WITHDRAWAL,RR344386,376.29,0.0,-1374886.98
25-Dec-2024 08:00,DREAM11-ENTRY,RR249024,3390.08,0.0,-1378277.06
25-Dec-2024 18:00,ATM WITHDRAWAL,RR581328,3570.76,0.0,-1381847.82
26-Dec-2024 04:00,FAILED-UPI-REV,RR466758,1996.86,0.0,-1383844.67
26-Dec-2024 14:00,ATM WITHDRAWAL,RR945820,1001.99,0.0,-1384846.66
27-Dec-2024 00:00,FAILED-UPI-REV,RR349684,111.11,0.0,-1384957.77
27-Dec-2024 10:00,ATM WITHDRAWAL,RR462945,2200.37,0.0,-1387158.14
27-Dec-2024 20:00,LOCAL WINE STORE,RR321659,4291.32,0.0,-1391449.46
28-Dec-2024 06:00,DREAM11-ENTRY,RR941884,4442.37,0.0,-1395891.83
28-Dec-2024 16:00,ATM WITHDRAWAL,RR655967,2359.18,0.0,-1398251.01
29-Dec-2024 02:00,LOCAL WINE STORE,RR245732,1886.01,0.0,-1400137.02
29-Dec-2024 12:00,CASH-OUT-AGENT,RR607491,1597.12,0.0,-1401734.14
29-Dec-2024 22:00,LOCAL WINE STORE,RR782348,4401.06,0.0,-1406135.2
30-Dec-2024 08:00,DREAM11-ENTRY,RR255394,1400.52,0.0,-1407535.72
30-Dec-2024 18:00,DREAM11-ENTRY,RR238787,3803.75,0.0,-1411339.48
31-Dec-2024 04:00,LOCAL WINE STORE,RR261469,1354.26,0.0,-1412693.73
31-Dec-2024 14:00,FAILED-UPI-REV,RR599749,3146.01,0.0,-1415839.74
01-Jan-2025 00:00,CASH-OUT-AGENT,RR904725,4141.75,0.0,-1419981.49
01-Jan-2025 10:00,CASH-OUT-AGENT,RR847566,1226.1,0.0,-1421207.59
01-Jan-2025 20:00,ATM WITHDRAWAL,RR976551,1711.4,0.0,-1422918.99
02-Jan-2025 06:00,FAILED-UPI-REV,RR339861,2073.13,0.0,-1424992.12
02-Jan-2025 16:00,CASH-OUT-AGENT,RR343918,1252.82,0.0,-1426244.94
03-Jan-2025 02:00,CASH-OUT-AGENT,RR143139,443.14,0.0,-1426688.09
03-Jan-2025 12:00,DREAM11-ENTRY,RR483215,430.28,0.0,-1427118.37
03-Jan-2025 22:00,CASH-OUT-AGENT,RR103342,4331.07,0.0,-1431449.44
04-Jan-2025 08:00,DREAM11-ENTRY,RR651858,2137.9,0.0,-1433587.33
04-Jan-2025 18:00,CASH-OUT-AGENT,RR484917,1250.0,0.0,-1434837.33
05-Jan-2025 04:00,FAILED-UPI-REV,RR229610,3440.44,0.0,-1438277.77
05-Jan-2025 14:00,DREAM11-ENTRY,RR705605,4283.03,0.0,-1442560.81
06-Jan-2025 00:00,FAILED-UPI-REV,RR446662,2565.73,0.0,-1445126.53
06-Jan-2025 10:00,DREAM11-ENTRY,RR320555,4713.65,0.0,-1449840.18
06-Jan-2025 20:00,LOCAL WINE STORE,RR817588,1632.1,0.0,-1451472.29
07-Jan-2025 06:00,CASH-OUT-AGENT,RR247356,1221.79,0.0,-1452694.08
07-Jan-2025 16:00,FAILED-UPI-REV,RR340271,4194.01,0.0,-1456888.08
08-Jan-2025 02:00,LOCAL WINE STORE,RR492953,1088.92,0.0,-1457977.01
08-Jan-2025 12:00,LOCAL WINE STORE,RR512837,4182.96,0.0,-1462159.97
08-Jan-2025 22:00,DREAM11-ENTRY,RR543261,537.23,0.0,-1462697.19
09-Jan-2025 08:00,DREAM11-ENTRY,RR843862,3009.48,0.0,-1465706.67
09-Jan-2025 18:00,LOCAL WINE STORE,RR912375,467.86,0.0,-1466174.54
10-Jan-2025 04:00,CASH-OUT-AGENT,RR242057,4394.77,0.0,-1470569.31
10-Jan-2025 14:00,DREAM11-ENTRY,RR655380,1787.52,0.0,-1472356.83
11-Jan-2025 00:00,ATM WITHDRAWAL,RR311914,4445.45,0.0,-1476802.28
11-Jan-2025 10:00,FAILED-UPI-REV,RR929382,4469.05,0.0,-1481271.33
11-Jan-2025 20:00,DREAM11-ENTRY,RR492837,3738.14,0.0,-1485009.47
12-Jan-2025 06:00,CASH-OUT-AGENT,RR653244,3595.01,0.0,-1488604.48
12-Jan-2025 16:00,LOCAL WINE STORE,RR224060,3481.55,0.0,-1492086.03
13-Jan-2025 02:00,ATM WITHDRAWAL,RR548643,2635.68,0.0,-1494721.71
13-Jan-2025 12:00,ATM WITHDRAWAL,RR829936,1520.83,0.0,-1496242.53
13-Jan-2025 22:00,ATM WITHDRAWAL,RR122318,4129.99,0.0,-1500372.52
14-Jan-2025 08:00,CASH-OUT-AGENT,RR336727,2662.66,0.0,-1503035.18
14-Jan-2025 18:00,ATM WITHDRAWAL,RR789537,2921.69,0.0,-1505956.87
15-Jan-2025 04:00,DREAM11-ENTRY,RR373283,487.63,0.0,-1506444.5
15-Jan-2025 14:00,DREAM11-ENTRY,RR900580,4778.07,0.0,-1511222.57
16-Jan-2025 00:00,DREAM11-ENTRY,RR564442,4088.08,0.0,-1515310.66
16-Jan-2025 10:00,FAILED-UPI-REV,RR812532,2486.53,0.0,-1517797.19
16-Jan-2025 20:00,LOCAL WINE STORE,RR818262,1768.4,0.0,-1519565.59
17-Jan-2025 06:00,FAILED-UPI-REV,RR880113,1423.26,0.0,-1520988.85
17-Jan-2025 16:00,CASH-OUT-AGENT,RR644885,1830.0,0.0,-1522818.85
18-Jan-2025 02:00,CASH-OUT-AGENT,RR857715,4886.46,0.0,-1527705.31
18-Jan-2025 12:00,ATM WITHDRAWAL,RR722762,4395.07,0.0,-1532100.38
18-Jan-2025 22:00,FAILED-UPI-REV,RR503063,2302.56,0.0,-1534402.93
19-Jan-2025 08:00,DREAM11-ENTRY,RR473312,1894.79,0.0,-1536297.72
19-Jan-2025 18:00,ATM WITHDRAWAL,RR475156,4456.47,0.0,-1540754.2
20-Jan-2025 04:00,ATM WITHDRAWAL,RR485613,1184.13,0.0,-1541938.33
20-Jan-2025 14:00,CASH-OUT-AGENT,RR222938,2964.34,0.0,-1544902.67
21-Jan-2025 00:00,DREAM11-ENTRY,RR784516,433.37,0.0,-1545336.04
21-Jan-2025 10:00,ATM WITHDRAWAL,RR171480,4681.51,0.0,-1550017.55
21-Jan-2025 20:00,FAILED-UPI-REV,RR925562,1309.82,0.0,-1551327.37
22-Jan-2025 06:00,LOCAL WINE STORE,RR895038,1083.22,0.0,-1552410.59
22-Jan-2025 16:00,CASH-OUT-AGENT,RR495006,3921.9,0.0,-1556332.5
23-Jan-2025 02:00,LOCAL WINE STORE,RR482046,1569.6,0.0,-1557902.1
23-Jan-2025 12:00,FAILED-UPI-REV,RR568703,1106.18,0.0,-1559008.27
23-Jan-2025 22:00,ATM WITHDRAWAL,RR733043,4450.19,0.0,-1563458.46
24-Jan-2025 08:00,CASH-OUT-AGENT,RR246510,4801.09,0.0,-1568259.55
24-Jan-2025 18:00,ATM WITHDRAWAL,RR390385,2720.4,0.0,-1570979.95
25-Jan-2025 04:00,CASH-OUT-AGENT,RR385137,691.42,0.0,-1571671.36
25-Jan-2025 14:00,CASH-OUT-AGENT,RR393569,2167.83,0.0,-1573839.19
26-Jan-2025 00:00,FAILED-UPI-REV,RR144040,234.01,0.0,-1574073.2
26-Jan-2025 10:00,CASH-OUT-AGENT,RR976208,257.98,0.0,-1574331.18
26-Jan-2025 20:00,CASH-OUT-AGENT,RR726925,4753.44,0.0,-1579084.62
27-Jan-2025 06:00,ATM WITHDRAWAL,RR815382,464.15,0.0,-1579548.77
27-Jan-2025 16:00,CASH-OUT-AGENT,RR165385,1678.44,0.0,-1581227.22
28-Jan-2025 02:00,FAILED-UPI-REV,RR131071,3859.04,0.0,-1585086.26
28-Jan-2025 12:00,CASH-OUT-AGENT,RR553661,338.5,0.0,-1585424.75
28-Jan-2025 22:00,CASH-OUT-AGENT,RR620596,2087.31,0.0,-1587512.06
29-Jan-2025 08:00,LOCAL WINE STORE,RR655043,544.73,0.0,-1588056.79
29-Jan-2025 18:00,LOCAL WINE STORE,RR876644,2047.34,0.0,-1590104.14
30-Jan-2025 04:00,LOCAL WINE STORE,RR511790,3355.87,0.0,-1593460.0
30-Jan-2025 14:00,DREAM11-ENTRY,RR740960,2964.13,0.0,-1596424.13
31-Jan-2025 00:00,ATM WITHDRAWAL,RR160419,3647.92,0.0,-1600072.05
31-Jan-2025 10:00,CASH-OUT-AGENT,RR157982,3734.08,0.0,-1603806.13
31-Jan-2025 20:00,LOCAL WINE STORE,RR974508,3592.27,0.0,-1607398.4
01-Feb-2025 06:00,DREAM11-ENTRY,RR406330,887.79,0.0,-1608286.18
01-Feb-2025 16:00,DREAM11-ENTRY,RR172192,4943.78,0.0,-1613229.96
02-Feb-2025 02:00,LOCAL WINE STORE,RR758793,1529.25,0.0,-1614759.21
02-Feb-2025 12:00,LOCAL WINE STORE,RR642989,4363.28,0.0,-1619122.49
02-Feb-2025 22:00,ATM WITHDRAWAL,RR668088,3323.37,0.0,-1622445.86
03-Feb-2025 08:00,DREAM11-ENTRY,RR836618,1344.22,0.0,-1623790.08
03-Feb-2025 18:00,ATM WITHDRAWAL,RR584720,2989.06,0.0,-1626779.14
04-Feb-2025 04:00,FAILED-UPI-REV,RR761053,3397.6,0.0,-1630176.74
04-Feb-2025 14:00,ATM WITHDRAWAL,RR921255,2536.6,0.0,-1632713.34
05-Feb-2025 00:00,FAILED-UPI-REV,RR241306,575.75,0.0,-1633289.09
05-Feb-2025 10:00,LOCAL WINE STORE,RR378277,2541.6,0.0,-1635830.7
05-Feb-2025 20:00,CASH-OUT-AGENT,RR489651,735.78,0.0,-1636566.48
06-Feb-2025 06:00,FAILED-UPI-REV,RR181332,2967.08,0.0,-1639533.56
06-Feb-2025 16:00,ATM WITHDRAWAL,RR431253,480.51,0.0,-1640014.08
07-Feb-2025 02:00,DREAM11-ENTRY,RR231176,1007.06,0.0,-1641021.13
07-Feb-2025 12:00,ATM WITHDRAWAL,RR751701,1815.86,0.0,-1642836.99
07-Feb-2025 22:00,ATM WITHDRAWAL,RR449900,2001.08,0.0,-1644838.07
08-Feb-2025 08:00,LOCAL WINE STORE,RR503282,3245.73,0.0,-1648083.79
08-Feb-2025 18:00,CASH-OUT-AGENT,RR871526,586.67,0.0,-1648670.46
09-Feb-2025 04:00,LOCAL WINE STORE,RR222563,1767.77,0.0,-1650438.23
09-Feb-2025 14:00,ATM WITHDRAWAL,RR506706,931.23,0.0,-1651369.45
10-Feb-2025 00:00,DREAM11-ENTRY,RR560891,2055.7,0.0,-1653425.16
10-Feb-2025 10:00,DREAM11-ENTRY,RR678957,3954.46,0.0,-1657379.62
10-Feb-2025 20:00,DREAM11-ENTRY,RR934564,523.06,0.0,-1657902.67
11-Feb-2025 06:00,LOCAL WINE STORE,RR740970,4555.89,0.0,-1662458.56
11-Feb-2025 16:00,CASH-OUT-AGENT,RR920334,2994.68,0.0,-1665453.25
12-Feb-2025 02:00,DREAM11-ENTRY,RR832804,2631.78,0.0,-1668085.03
12-Feb-2025 12:00,ATM WITHDRAWAL,RR947088,4492.75,0.0,-1672577.78
12-Feb-2025 22:00,LOCAL WINE STORE,RR548586,1707.42,0.0,-1674285.2
13-Feb-2025 08:00,CASH-OUT-AGENT,RR524912,265.83,0.0,-1674551.04
13-Feb-2025 18:00,ATM WITHDRAWAL,RR360449,3010.72,0.0,-1677561.76
14-Feb-2025 04:00,LOCAL WINE STORE,RR365944,2479.04,0.0,-1680040.8
14-Feb-2025 14:00,FAILED-UPI-REV,RR215770,3035.36,0.0,-1683076.16
15-Feb-2025 00:00,FAILED-UPI-REV,RR810653,4633.06,0.0,-1687709.22
15-Feb-2025 10:00,ATM WITHDRAWAL,RR919217,4356.78,0.0,-1692065.99
15-Feb-2025 20:00,CASH-OUT-AGENT,RR858041,1584.58,0.0,-1693650.57
16-Feb-2025 06:00,DREAM11-ENTRY,RR467233,276.82,0.0,-1693927.39
16-Feb-2025 16:00,FAILED-UPI-REV,RR769465,1043.06,0.0,-1694970.45
17-Feb-2025 02:00,LOCAL WINE STORE,RR972638,3209.24,0.0,-1698179.69
17-Feb-2025 12:00,FAILED-UPI-REV,RR742087,4948.66,0.0,-1703128.36
17-Feb-2025 22:00,CASH-OUT-AGENT,RR543302,1175.9,0.0,-1704304.26
18-Feb-2025 08:00,ATM WITHDRAWAL,RR841565,3492.77,0.0,-1707797.02
18-Feb-2025 18:00,DREAM11-ENTRY,RR149083,3809.85,0.0,-1711606.87
19-Feb-2025 04:00,FAILED-UPI-REV,RR747990,2457.28,0.0,-1714064.15
19-Feb-2025 14:00,CASH-OUT-AGENT,RR929064,1583.55,0.0,-1715647.7
20-Feb-2025 00:00,LOCAL WINE STORE,RR505402,1312.68,0.0,-1716960.38
20-Feb-2025 10:00,FAILED-UPI-REV,RR135718,4677.48,0.0,-1721637.87
20-Feb-2025 20:00,CASH-OUT-AGENT,RR552988,1056.65,0.0,-1722694.52
21-Feb-2025 06:00,DREAM11-ENTRY,RR303020,3866.78,0.0,-1726561.3
21-Feb-2025 16:00,FAILED-UPI-REV,RR781852,4118.23,0.0,-1730679.53
22-Feb-2025 02:00,CASH-OUT-AGENT,RR880789,4470.62,0.0,-1735150.15
22-Feb-2025 12:00,CASH-OUT-AGENT,RR737069,2063.15,0.0,-1737213.3
22-Feb-2025 22:00,ATM WITHDRAWAL,RR644362,901.19,0.0,-1738114.48
23-Feb-2025 08:00,DREAM11-ENTRY,RR210631,2433.01,0.0,-1740547.49
23-Feb-2025 18:00,ATM WITHDRAWAL,RR326601,4354.1,0.0,-1744901.59
24-Feb-2025 04:00,DREAM11-ENTRY,RR907655,900.44,0.0,-1745802.03
24-Feb-2025 14:00,DREAM11-ENTRY,RR634274,3767.24,0.0,-1749569.27
25-Feb-2025 00:00,DREAM11-ENTRY,RR566528,644.73,0.0,-1750214.0
25-Feb-2025 10:00,CASH-OUT-AGENT,RR772560,3787.61,0.0,-1754001.61
25-Feb-2025 20:00,DREAM11-ENTRY,RR723464,1508.09,0.0,-1755509.7
26-Feb-2025 06:00,CASH-OUT-AGENT,RR753029,649.67,0.0,-1756159.37
26-Feb-2025 16:00,FAILED-UPI-REV,RR851150,573.8,0.0,-1756733.17
27-Feb-2025 02:00,CASH-OUT-AGENT,RR609240,2404.73,0.0,-1759137.9
27-Feb-2025 12:00,CASH-OUT-AGENT,RR856710,2688.77,0.0,-1761826.67
27-Feb-2025 22:00,ATM WITHDRAWAL,RR543564,4685.98,0.0,-1766512.65
28-Feb-2025 08:00,DREAM11-ENTRY,RR479530,4683.9,0.0,-1771196.55
28-Feb-2025 18:00,ATM WITHDRAWAL,RR236629,3559.66,0.0,-1774756.21
01-Mar-2025 04:00,LOCAL WINE STORE,RR516218,1215.86,0.0,-1775972.07
01-Mar-2025 14:00,FAILED-UPI-REV,RR709274,197.09,0.0,-1776169.16
02-Mar-2025 00:00,ATM WITHDRAWAL,RR916432,3978.73,0.0,-1780147.89
02-Mar-2025 10:00,LOCAL WINE STORE,RR942620,3124.84,0.0,-1783272.73
02-Mar-2025 20:00,ATM WITHDRAWAL,RR482882,3497.92,0.0,-1786770.65
03-Mar-2025 06:00,LOCAL WINE STORE,RR860405,597.64,0.0,-1787368.29
03-Mar-2025 16:00,DREAM11-ENTRY,RR881071,369.11,0.0,-1787737.4
04-Mar-2025 02:00,LOCAL WINE STORE,RR675991,407.38,0.0,-1788144.78
04-Mar-2025 12:00,ATM WITHDRAWAL,RR895142,2456.37,0.0,-1790601.14
04-Mar-2025 22:00,LOCAL WINE STORE,RR913815,4946.29,0.0,-1795547.43
05-Mar-2025 08:00,DREAM11-ENTRY,RR407698,991.2,0.0,-1796538.63
05-Mar-2025 18:00,LOCAL WINE STORE,RR535865,2382.14,0.0,-1798920.77
06-Mar-2025 04:00,ATM WITHDRAWAL,RR250628,4707.65,0.0,-1803628.42
06-Mar-2025 14:00,FAILED-UPI-REV,RR983426,2893.91,0.0,-1806522.33
07-Mar-2025 00:00,CASH-OUT-AGENT,RR386804,2963.95,0.0,-1809486.28
07-Mar-2025 10:00,LOCAL WINE STORE,RR140194,4916.81,0.0,-1814403.09
07-Mar-2025 20:00,FAILED-UPI-REV,RR850032,3935.75,0.0,-1818338.83
08-Mar-2025 06:00,FAILED-UPI-REV,RR135907,4201.34,0.0,-1822540.17
08-Mar-2025 16:00,ATM WITHDRAWAL,RR551137,4755.69,0.0,-1827295.86
09-Mar-2025 02:00,CASH-OUT-AGENT,RR462803,4355.89,0.0,-1831651.75
09-Mar-2025 12:00,CASH DEPOSIT-CDM,RR785735,0.0,12829.63,-1818822.12
09-Mar-2025 22:00,CASH-OUT-AGENT,RR499526,2218.77,0.0,-1821040.89
10-Mar-2025 08:00,CASH-OUT-AGENT,RR975562,2369.23,0.0,-1823410.12
10-Mar-2025 18:00,DREAM11-ENTRY,RR732647,2580.42,0.0,-1825990.54
11-Mar-2025 04:00,FAILED-UPI-REV,RR177310,3571.06,0.0,-1829561.6
11-Mar-2025 14:00,CASH-OUT-AGENT,RR142210,3678.63,0.0,-1833240.23
12-Mar-2025 00:00,ATM WITHDRAWAL,RR540123,3086.52,0.0,-1836326.75
12-Mar-2025 10:00,CASH-OUT-AGENT,RR551560,4735.0,0.0,-1841061.75
12-Mar-2025 20:00,FAILED-UPI-REV,RR496792,939.57,0.0,-1842001.33
13-Mar-2025 06:00,DREAM11-ENTRY,RR744315,2293.43,0.0,-1844294.76
13-Mar-2025 16:00,FAILED-UPI-REV,RR242578,2562.34,0.0,-1846857.1
14-Mar-2025 02:00,ATM WITHDRAWAL,RR184052,3583.87,0.0,-1850440.98
14-Mar-2025 12:00,LOCAL WINE STORE,RR897142,2293.83,0.0,-1852734.8
14-Mar-2025 22:00,LOCAL WINE STORE,RR919043,1628.2,0.0,-1854363.0
15-Mar-2025 08:00,DREAM11-ENTRY,RR300895,1463.47,0.0,-1855826.47
15-Mar-2025 18:00,DREAM11-ENTRY,RR334147,3592.32,0.0,-1859418.79
16-Mar-2025 04:00,FAILED-UPI-REV,RR115102,4785.4,0.0,-1864204.18
16-Mar-2025 14:00,DREAM11-ENTRY,RR590839,1907.73,0.0,-1866111.91
17-Mar-2025 00:00,ATM WITHDRAWAL,RR210254,4517.27,0.0,-1870629.18
17-Mar-2025 10:00,FAILED-UPI-REV,RR249045,1426.4,0.0,-1872055.58
17-Mar-2025 20:00,LOCAL WINE STORE,RR294568,1195.62,0.0,-1873251.2
18-Mar-2025 06:00,LOCAL WINE STORE,RR109371,3271.92,0.0,-1876523.12
18-Mar-2025 16:00,CASH-OUT-AGENT,RR887917,3959.63,0.0,-1880482.74
19-Mar-2025 02:00,FAILED-UPI-REV,RR546225,3693.06,0.0,-1884175.81
19-Mar-2025 12:00,LOCAL WINE STORE,RR945855,1869.61,0.0,-1886045.42
19-Mar-2025 22:00,DREAM11-ENTRY,RR769249,2748.75,0.0,-1888794.16
20-Mar-2025 08:00,DREAM11-ENTRY,RR641648,3932.06,0.0,-1892726.22
20-Mar-2025 18:00,DREAM11-ENTRY,RR831503,4807.19,0.0,-1897533.41
21-Mar-2025 04:00,ATM WITHDRAWAL,RR493802,4241.69,0.0,-1901775.11
21-Mar-2025 14:00,LOCAL WINE STORE,RR733461,3957.88,0.0,-1905732.99
22-Mar-2025 00:00,CASH-OUT-AGENT,RR173737,2531.64,0.0,-1908264.62
22-Mar-2025 10:00,DREAM11-ENTRY,RR602349,415.76,0.0,-1908680.38
22-Mar-2025 20:00,ATM WITHDRAWAL,RR443972,2941.65,0.0,-1911622.03
23-Mar-2025 06:00,DREAM11-ENTRY,RR561250,4614.12,0.0,-1916236.15
23-Mar-2025 16:00,FAILED-UPI-REV,RR126617,4381.96,0.0,-1920618.12
24-Mar-2025 02:00,ATM WITHDRAWAL,RR870767,4130.34,0.0,-1924748.45
24-Mar-2025 12:00,DREAM11-ENTRY,RR280740,4253.38,0.0,-1929001.83
24-Mar-2025 22:00,CASH-OUT-AGENT,RR838687,4551.05,0.0,-1933552.88
25-Mar-2025 08:00,DREAM11-ENTRY,RR245625,483.67,0.0,-1934036.56
25-Mar-2025 18:00,FAILED-UPI-REV,RR452556,2845.04,0.0,-1936881.6
26-Mar-2025 04:00,CASH-OUT-AGENT,RR560025,2910.98,0.0,-1939792.58
26-Mar-2025 14:00,CASH-OUT-AGENT,RR560615,3272.76,0.0,-1943065.34
27-Mar-2025 00:00,CASH-OUT-AGENT,RR960413,1157.7,0.0,-1944223.04
27-Mar-2025 10:00,DREAM11-ENTRY,RR308019,3623.71,0.0,-1947846.75
27-Mar-2025 20:00,FAILED-UPI-REV,RR588556,3449.87,0.0,-1951296.63
28-Mar-2025 06:00,LOCAL WINE STORE,RR423667,1661.49,0.0,-1952958.11
28-Mar-2025 16:00,CASH-OUT-AGENT,RR669583,1385.58,0.0,-1954343.69
29-Mar-2025 02:00,CASH-OUT-AGENT,RR692548,3884.1,0.0,-1958227.79
29-Mar-2025 12:00,ATM WITHDRAWAL,RR266754,3022.0,0.0,-1961249.79
29-Mar-2025 22:00,DREAM11-ENTRY,RR451465,4436.49,0.0,-1965686.28
30-Mar-2025 08:00,FAILED-UPI-REV,RR237098,3458.71,0.0,-1969144.99
30-Mar-2025 18:00,CASH-OUT-AGENT,RR309988,4864.11,0.0,-1974009.1
31-Mar-2025 04:00,CASH-OUT-AGENT,RR200840,2420.21,0.0,-1976429.32
31-Mar-2025 14:00,CASH-OUT-AGENT,RR833692,3435.43,0.0,-1979864.74
01-Apr-2025 00:00,CASH-OUT-AGENT,RR925577,132.2,0.0,-1979996.94
01-Apr-2025 10:00,ATM WITHDRAWAL,RR885784,3886.58,0.0,-1983883.52
01-Apr-2025 20:00,CASH-OUT-AGENT,RR621503,716.91,0.0,-1984600.43
02-Apr-2025 06:00,LOCAL WINE STORE,RR749007,3744.69,0.0,-1988345.12
02-Apr-2025 16:00,FAILED-UPI-REV,RR126449,2623.81,0.0,-1990968.93
03-Apr-2025 02:00,DREAM11-ENTRY,RR561569,197.02,0.0,-1991165.95
03-Apr-2025 12:00,DREAM11-ENTRY,RR980109,3113.89,0.0,-1994279.84
03-Apr-2025 22:00,CASH-OUT-AGENT,RR483544,3784.72,0.0,-1998064.57
04-Apr-2025 08:00,FAILED-UPI-REV,RR889193,3755.52,0.0,-2001820.09
04-Apr-2025 18:00,FAILED-UPI-REV,RR785799,3211.51,0.0,-2005031.59
05-Apr-2025 04:00,ATM WITHDRAWAL,RR613586,4020.08,0.0,-2009051.67
05-Apr-2025 14:00,DREAM11-ENTRY,RR494282,815.06,0.0,-2009866.73
06-Apr-2025 00:00,ATM WITHDRAWAL,RR194830,1393.47,0.0,-2011260.2
06-Apr-2025 10:00,DREAM11-ENTRY,RR509405,4606.53,0.0,-2015866.73
06-Apr-2025 20:00,CASH-OUT-AGENT,RR876151,3699.66,0.0,-2019566.39
07-Apr-2025 06:00,DREAM11-ENTRY,RR207807,3201.36,0.0,-2022767.75
07-Apr-2025 16:00,FAILED-UPI-REV,RR102132,2748.36,0.0,-2025516.1
08-Apr-2025 02:00,FAILED-UPI-REV,RR181477,347.21,0.0,-2025863.31
08-Apr-2025 12:00,LOCAL WINE STORE,RR571454,1753.84,0.0,-2027617.15
08-Apr-2025 22:00,CASH-OUT-AGENT,RR148374,645.45,0.0,-2028262.61
09-Apr-2025 08:00,CASH-OUT-AGENT,RR882169,1727.97,0.0,-2029990.58
09-Apr-2025 18:00,CASH-OUT-AGENT,RR189795,2843.17,0.0,-2032833.75
10-Apr-2025 04:00,DREAM11-ENTRY,RR483685,2283.08,0.0,-2035116.83
10-Apr-2025 14:00,ATM WITHDRAWAL,RR984749,3032.91,0.0,-2038149.74
11-Apr-2025 00:00,DREAM11-ENTRY,RR489748,3342.3,0.0,-2041492.04
11-Apr-2025 10:00,LOCAL WINE STORE,RR901942,1653.73,0.0,-2043145.77
11-Apr-2025 20:00,FAILED-UPI-REV,RR351493,1646.39,0.0,-2044792.16
12-Apr-2025 06:00,ATM WITHDRAWAL,RR100618,1084.09,0.0,-2045876.25
12-Apr-2025 16:00,ATM WITHDRAWAL,RR990563,1324.88,0.0,-2047201.13
13-Apr-2025 02:00,ATM WITHDRAWAL,RR556567,3524.24,0.0,-2050725.37
13-Apr-2025 12:00,ATM WITHDRAWAL,RR117745,1020.38,0.0,-2051745.75
13-Apr-2025 22:00,DREAM11-ENTRY,RR192090,3618.12,0.0,-2055363.88
14-Apr-2025 08:00,ATM WITHDRAWAL,RR113595,3400.61,0.0,-2058764.49
14-Apr-2025 18:00,ATM WITHDRAWAL,RR629765,1748.88,0.0,-2060513.37
15-Apr-2025 04:00,ATM WITHDRAWAL,RR166383,1257.14,0.0,-2061770.51
15-Apr-2025 14:00,LOCAL WINE STORE,RR449109,4412.17,0.0,-2066182.68
16-Apr-2025 00:00,LOCAL WINE STORE,RR829507,4851.72,0.0,-2071034.4
16-Apr-2025 10:00,DREAM11-ENTRY,RR785825,1093.78,0.0,-2072128.18
16-Apr-2025 20:00,CASH-OUT-AGENT,RR365231,1899.2,0.0,-2074027.38
17-Apr-2025 06:00,DREAM11-ENTRY,RR680753,1428.77,0.0,-2075456.15
17-Apr-2025 16:00,CASH-OUT-AGENT,RR173996,150.58,0.0,-2075606.73
18-Apr-2025 02:00,ATM WITHDRAWAL,RR738637,765.66,0.0,-2076372.4
18-Apr-2025 12:00,FAILED-UPI-REV,RR912443,1291.08,0.0,-2077663.48
18-Apr-2025 22:00,ATM WITHDRAWAL,RR891893,1887.56,0.0,-2079551.04
19-Apr-2025 08:00,ATM WITHDRAWAL,RR130716,1834.18,0.0,-2081385.22
19-Apr-2025 18:00,ATM WITHDRAWAL,RR473500,2194.42,0.0,-2083579.64
20-Apr-2025 04:00,DREAM11-ENTRY,RR448328,3957.59,0.0,-2087537.23
20-Apr-2025 14:00,DREAM11-ENTRY,RR161430,4402.42,0.0,-2091939.65
21-Apr-2025 00:00,CASH-OUT-AGENT,RR116762,4310.98,0.0,-2096250.63
21-Apr-2025 10:00,FAILED-UPI-REV,RR362824,2703.73,0.0,-2098954.36
21-Apr-2025 20:00,ATM WITHDRAWAL,RR569354,697.2,0.0,-2099651.56
22-Apr-2025 06:00,FAILED-UPI-REV,RR820536,1273.62,0.0,-2100925.18
22-Apr-2025 16:00,DREAM11-ENTRY,RR751398,3257.56,0.0,-2104182.74
23-Apr-2025 02:00,FAILED-UPI-REV,RR395711,4302.23,0.0,-2108484.96
23-Apr-2025 12:00,CASH-OUT-AGENT,RR740785,2674.65,0.0,-2111159.62
23-Apr-2025 22:00,DREAM11-ENTRY,RR663110,1143.83,0.0,-2112303.44
24-Apr-2025 08:00,LOCAL WINE STORE,RR534171,733.7,0.0,-2113037.15
24-Apr-2025 18:00,DREAM11-ENTRY,RR279831,4196.25,0.0,-2117233.4
25-Apr-2025 04:00,LOCAL WINE STORE,RR125419,1134.73,0.0,-2118368.13
25-Apr-2025 14:00,ATM WITHDRAWAL,RR512553,825.46,0.0,-2119193.59
26-Apr-2025 00:00,CASH-OUT-AGENT,RR949624,129.84,0.0,-2119323.43
26-Apr-2025 10:00,CASH-OUT-AGENT,RR107614,2203.53,0.0,-2121526.96
26-Apr-2025 20:00,CASH-OUT-AGENT,RR339719,1920.66,0.0,-2123447.62
27-Apr-2025 06:00,DREAM11-ENTRY,RR813402,2097.16,0.0,-2125544.78
27-Apr-2025 16:00,ATM WITHDRAWAL,RR737722,2319.99,0.0,-2127864.77
28-Apr-2025 02:00,ATM WITHDRAWAL,RR563725,132.19,0.0,-2127996.96
28-Apr-2025 12:00,LOCAL WINE STORE,RR712837,1609.52,0.0,-2129606.48
28-Apr-2025 22:00,LOCAL WINE STORE,RR924436,2661.38,0.0,-2132267.86
29-Apr-2025 08:00,LOCAL WINE STORE,RR721497,2942.24,0.0,-2135210.1
29-Apr-2025 18:00,FAILED-UPI-REV,RR866465,4734.7,0.0,-2139944.8
30-Apr-2025 04:00,DREAM11-ENTRY,RR203565,4230.26,0.0,-2144175.06
30-Apr-2025 14:00,FAILED-UPI-REV,RR909992,1368.71,0.0,-2145543.77
01-May-2025 00:00,FAILED-UPI-REV,RR682385,4171.89,0.0,-2149715.66
01-May-2025 10:00,ATM WITHDRAWAL,RR346964,4774.6,0.0,-2154490.26
01-May-2025 20:00,ATM WITHDRAWAL,RR966916,2110.56,0.0,-2156600.81
02-May-2025 06:00,CASH-OUT-AGENT,RR516586,2752.38,0.0,-2159353.19
02-May-2025 16:00,DREAM11-ENTRY,RR943500,1932.1,0.0,-2161285.29
03-May-2025 02:00,FAILED-UPI-REV,RR838814,712.3,0.0,-2161997.59
03-May-2025 12:00,FAILED-UPI-REV,RR841550,1591.06,0.0,-2163588.64
03-May-2025 22:00,LOCAL WINE STORE,RR929938,367.54,0.0,-2163956.19
04-May-2025 08:00,DREAM11-ENTRY,RR905786,1949.89,0.0,-2165906.07
04-May-2025 18:00,LOCAL WINE STORE,RR561406,2389.35,0.0,-2168295.42
05-May-2025 04:00,CASH-OUT-AGENT,RR204529,1926.18,0.0,-2170221.6
05-May-2025 14:00,LOCAL WINE STORE,RR248855,4646.25,0.0,-2174867.85
06-May-2025 00:00,CASH-OUT-AGENT,RR168362,1569.15,0.0,-2176437.0
06-May-2025 10:00,LOCAL WINE STORE,RR672427,2924.13,0.0,-2179361.13
06-May-2025 20:00,DREAM11-ENTRY,RR239737,3578.52,0.0,-2182939.65
07-May-2025 06:00,LOCAL WINE STORE,RR669283,2309.29,0.0,-2185248.93
07-May-2025 16:00,CASH-OUT-AGENT,RR404326,1972.86,0.0,-2187221.79
08-May-2025 02:00,FAILED-UPI-REV,RR136352,4915.88,0.0,-2192137.67
08-May-2025 12:00,CASH-OUT-AGENT,RR652647,4263.7,0.0,-2196401.38
08-May-2025 22:00,LOCAL WINE STORE,RR954156,1750.27,0.0,-2198151.64
09-May-2025 08:00,DREAM11-ENTRY,RR373233,4779.81,0.0,-2202931.45
09-May-2025 18:00,CASH-OUT-AGENT,RR583700,3295.16,0.0,-2206226.61
10-May-2025 04:00,LOCAL WINE STORE,RR904129,3200.59,0.0,-2209427.21
10-May-2025 14:00,DREAM11-ENTRY,RR394059,2244.28,0.0,-2211671.49
11-May-2025 00:00,ATM WITHDRAWAL,RR926537,1480.43,0.0,-2213151.92
11-May-2025 10:00,LOCAL WINE STORE,RR210301,264.56,0.0,-2213416.48
11-May-2025 20:00,CASH-OUT-AGENT,RR839622,2226.53,0.0,-2215643.01
12-May-2025 06:00,LOCAL WINE STORE,RR385201,1741.15,0.0,-2217384.15
12-May-2025 16:00,ATM WITHDRAWAL,RR880951,2060.84,0.0,-2219444.99
13-May-2025 02:00,LOCAL WINE STORE,RR608862,1228.23,0.0,-2220673.22
13-May-2025 12:00,CASH-OUT-AGENT,RR100105,2718.53,0.0,-2223391.76
13-May-2025 22:00,DREAM11-ENTRY,RR795913,2088.27,0.0,-2225480.03
14-May-2025 08:00,FAILED-UPI-REV,RR100005,2077.53,0.0,-2227557.56
14-May-2025 18:00,ATM WITHDRAWAL,RR291174,3920.61,0.0,-2231478.16
15-May-2025 04:00,FAILED-UPI-REV,RR464244,1491.0,0.0,-2232969.16
15-May-2025 14:00,FAILED-UPI-REV,RR105729,893.16,0.0,-2233862.32
16-May-2025 00:00,FAILED-UPI-REV,RR643591,3996.57,0.0,-2237858.88
16-May-2025 10:00,LOCAL WINE STORE,RR434868,3611.96,0.0,-2241470.85
16-May-2025 20:00,LOCAL WINE STORE,RR803300,2332.4,0.0,-2243803.25
17-May-2025 06:00,ATM WITHDRAWAL,RR614237,2824.1,0.0,-2246627.36
17-May-2025 16:00,CASH-OUT-AGENT,RR220001,1213.53,0.0,-2247840.88
18-May-2025 02:00,ATM WITHDRAWAL,RR643155,679.5,0.0,-2248520.38
18-May-2025 12:00,LOCAL WINE STORE,RR756619,3423.47,0.0,-2251943.85
18-May-2025 22:00,DREAM11-ENTRY,RR147328,1647.43,0.0,-2253591.27
19-May-2025 08:00,FAILED-UPI-REV,RR581549,990.71,0.0,-2254581.99
19-May-2025 18:00,ATM WITHDRAWAL,RR845709,3028.63,0.0,-2257610.62
20-May-2025 04:00,LOCAL WINE STORE,RR831330,2988.49,0.0,-2260599.11
20-May-2025 14:00,CASH-OUT-AGENT,RR634235,4010.78,0.0,-2264609.88
21-May-2025 00:00,LOCAL WINE STORE,RR456582,4656.76,0.0,-2269266.64
21-May-2025 10:00,ATM WITHDRAWAL,RR874842,1733.32,0.0,-2270999.96
21-May-2025 20:00,FAILED-UPI-REV,RR569989,622.82,0.0,-2271622.79
22-May-2025 06:00,LOCAL WINE STORE,RR688171,4215.66,0.0,-2275838.44
22-May-2025 16:00,LOCAL WINE STORE,RR696553,4838.35,0.0,-2280676.8
23-May-2025 02:00,LOCAL WINE STORE,RR380888,3611.27,0.0,-2284288.07
23-May-2025 12:00,CASH-OUT-AGENT,RR254469,688.42,0.0,-2284976.49
23-May-2025 22:00,LOCAL WINE STORE,RR644191,4435.32,0.0,-2289411.8
24-May-2025 08:00,LOCAL WINE STORE,RR700025,2449.63,0.0,-2291861.43
24-May-2025 18:00,FAILED-UPI-REV,RR241323,2194.78,0.0,-2294056.22
25-May-2025 04:00,ATM WITHDRAWAL,RR640548,503.2,0.0,-2294559.41
25-May-2025 14:00,LOCAL WINE STORE,RR601554,4059.33,0.0,-2298618.75
26-May-2025 00:00,DREAM11-ENTRY,RR514227,3798.07,0.0,-2302416.82
26-May-2025 10:00,DREAM11-ENTRY,RR700201,2123.15,0.0,-2304539.97
26-May-2025 20:00,LOCAL WINE STORE,RR810468,4147.53,0.0,-2308687.49
27-May-2025 06:00,CASH-OUT-AGENT,RR595941,2537.5,0.0,-2311224.99
27-May-2025 16:00,ATM WITHDRAWAL,RR493084,1042.75,0.0,-2312267.75
28-May-2025 02:00,FAILED-UPI-REV,RR573684,1653.6,0.0,-2313921.34
28-May-2025 12:00,CASH-OUT-AGENT,RR925416,4528.27,0.0,-2318449.61
28-May-2025 22:00,ATM WITHDRAWAL,RR987095,3868.14,0.0,-2322317.75
29-May-2025 08:00,ATM WITHDRAWAL,RR494778,2098.35,0.0,-2324416.1
29-May-2025 18:00,FAILED-UPI-REV,RR519881,3561.44,0.0,-2327977.54
30-May-2025 04:00,FAILED-UPI-REV,RR400066,3211.84,0.0,-2331189.37
30-May-2025 14:00,FAILED-UPI-REV,RR123456,4606.88,0.0,-2335796.25
31-May-2025 00:00,DREAM11-ENTRY,RR285120,3046.84,0.0,-2338843.1
31-May-2025 10:00,ATM WITHDRAWAL,RR493388,1493.14,0.0,-2340336.24
31-May-2025 20:00,LOCAL WINE STORE,RR475964,3341.14,0.0,-2343677.38
01-Jun-2025 06:00,ATM WITHDRAWAL,RR282298,2311.82,0.0,-2345989.2
01-Jun-2025 16:00,DREAM11-ENTRY,RR315284,829.41,0.0,-2346818.61
02-Jun-2025 02:00,DREAM11-ENTRY,RR127994,2949.23,0.0,-2349767.84
02-Jun-2025 12:00,DREAM11-ENTRY,RR145232,2089.3,0.0,-2351857.14
02-Jun-2025 22:00,CASH-OUT-AGENT,RR343143,1401.33,0.0,-2353258.47
03-Jun-2025 08:00,CASH-OUT-AGENT,RR587892,879.01,0.0,-2354137.47
03-Jun-2025 18:00,ATM WITHDRAWAL,RR876832,934.37,0.0,-2355071.84
04-Jun-2025 04:00,CASH-OUT-AGENT,RR599751,3193.16,0.0,-2358265.0
04-Jun-2025 14:00,DREAM11-ENTRY,RR261896,3289.89,0.0,-2361554.89
05-Jun-2025 00:00,DREAM11-ENTRY,RR961683,4962.97,0.0,-2366517.86
05-Jun-2025 10:00,ATM WITHDRAWAL,RR687447,1630.36,0.0,-2368148.22
05-Jun-2025 20:00,ATM WITHDRAWAL,RR520334,3662.59,0.0,-2371810.82
06-Jun-2025 06:00,FAILED-UPI-REV,RR143991,2051.0,0.0,-2373861.81
06-Jun-2025 16:00,DREAM11-ENTRY,RR618393,4399.63,0.0,-2378261.45
07-Jun-2025 02:00,LOCAL WINE STORE,RR648179,961.72,0.0,-2379223.17
07-Jun-2025 12:00,FAILED-UPI-REV,RR607486,1848.36,0.0,-2381071.53
07-Jun-2025 22:00,CASH-OUT-AGENT,RR923188,2152.89,0.0,-2383224.41
08-Jun-2025 08:00,CASH-OUT-AGENT,RR149954,600.48,0.0,-2383824.89
08-Jun-2025 18:00,FAILED-UPI-REV,RR909677,3311.33,0.0,-2387136.22
09-Jun-2025 04:00,CASH-OUT-AGENT,RR870832,3086.23,0.0,-2390222.46
09-Jun-2025 14:00,ATM WITHDRAWAL,RR884005,3814.07,0.0,-2394036.53
10-Jun-2025 00:00,LOCAL WINE STORE,RR525739,3661.09,0.0,-2397697.63
10-Jun-2025 10:00,ATM WITHDRAWAL,RR412091,1595.73,0.0,-2399293.36
10-Jun-2025 20:00,DREAM11-ENTRY,RR387979,2872.73,0.0,-2402166.09
11-Jun-2025 06:00,ATM WITHDRAWAL,RR225044,3119.91,0.0,-2405286.01
11-Jun-2025 16:00,CASH-OUT-AGENT,RR550230,1996.81,0.0,-2407282.81
12-Jun-2025 02:00,DREAM11-ENTRY,RR121280,1428.0,0.0,-2408710.81
12-Jun-2025 12:00,FAILED-UPI-REV,RR379194,3857.85,0.0,-2412568.66
12-Jun-2025 22:00,DREAM11-ENTRY,RR724914,100.99,0.0,-2412669.65
13-Jun-2025 08:00,CASH-OUT-AGENT,RR827740,4970.86,0.0,-2417640.52
13-Jun-2025 18:00,LOCAL WINE STORE,RR111349,802.93,0.0,-2418443.45
14-Jun-2025 04:00,LOCAL WINE STORE,RR415668,2457.04,0.0,-2420900.49
14-Jun-2025 14:00,ATM WITHDRAWAL,RR344118,2975.73,0.0,-2423876.22
15-Jun-2025 00:00,ATM WITHDRAWAL,RR729528,1356.08,0.0,-2425232.29
15-Jun-2025 10:00,FAILED-UPI-REV,RR142990,1195.2,0.0,-2426427.5
15-Jun-2025 20:00,DREAM11-ENTRY,RR344397,4023.35,0.0,-2430450.84
16-Jun-2025 06:00,FAILED-UPI-REV,RR178907,3016.88,0.0,-2433467.73
16-Jun-2025 16:00,DREAM11-ENTRY,RR198406,4869.75,0.0,-2438337.48
17-Jun-2025 02:00,CASH-OUT-AGENT,RR497185,674.2,0.0,-2439011.68
17-Jun-2025 12:00,CASH-OUT-AGENT,RR110085,3620.42,0.0,-2442632.09
17-Jun-2025 22:00,CASH-OUT-AGENT,RR580546,3936.14,0.0,-2446568.23
18-Jun-2025 08:00,ATM WITHDRAWAL,RR789647,3011.33,0.0,-2449579.57
18-Jun-2025 18:00,ATM WITHDRAWAL,RR302685,525.57,0.0,-2450105.14
19-Jun-2025 04:00,ATM WITHDRAWAL,RR747197,2936.3,0.0,-2453041.43
19-Jun-2025 14:00,LOCAL WINE STORE,RR124088,3836.8,0.0,-2456878.23
20-Jun-2025 00:00,DREAM11-ENTRY,RR828623,1563.5,0.0,-2458441.73
20-Jun-2025 10:00,FAILED-UPI-REV,RR285351,2673.69,0.0,-2461115.42
20-Jun-2025 20:00,ATM WITHDRAWAL,RR269500,1429.38,0.0,-2462544.81
21-Jun-2025 06:00,DREAM11-ENTRY,RR589996,3935.47,0.0,-2466480.28
21-Jun-2025 16:00,CASH DEPOSIT-CDM,RR689296,0.0,12283.17,-2454197.11
22-Jun-2025 02:00,CASH-OUT-AGENT,RR361374,1117.35,0.0,-2455314.46
22-Jun-2025 12:00,LOCAL WINE STORE,RR376860,1543.18,0.0,-2456857.64
22-Jun-2025 22:00,ATM WITHDRAWAL,RR168251,1046.32,0.0,-2457903.96
23-Jun-2025 08:00,LOCAL WINE STORE,RR308969,1941.85,0.0,-2459845.81
23-Jun-2025 18:00,ATM WITHDRAWAL,RR585354,987.99,0.0,-2460833.8
24-Jun-2025 04:00,ATM WITHDRAWAL,RR749969,3140.65,0.0,-2463974.46
24-Jun-2025 14:00,FAILED-UPI-REV,RR818667,1834.86,0.0,-2465809.32
25-Jun-2025 00:00,FAILED-UPI-REV,RR868293,4416.27,0.0,-2470225.59
25-Jun-2025 10:00,FAILED-UPI-REV,RR739860,3153.39,0.0,-2473378.98
25-Jun-2025 20:00,DREAM11-ENTRY,RR395969,3016.58,0.0,-2476395.56
26-Jun-2025 06:00,LOCAL WINE STORE,RR102218,1213.81,0.0,-2477609.37
26-Jun-2025 16:00,CASH-OUT-AGENT,RR455640,3529.79,0.0,-2481139.16
27-Jun-2025 02:00,CASH-OUT-AGENT,RR545490,219.05,0.0,-2481358.21
27-Jun-2025 12:00,FAILED-UPI-REV,RR983562,2874.24,0.0,-2484232.45
27-Jun-2025 22:00,CASH-OUT-AGENT,RR373688,2521.01,0.0,-2486753.45
28-Jun-2025 08:00,FAILED-UPI-REV,RR850180,4840.84,0.0,-2491594.3
28-Jun-2025 18:00,LOCAL WINE STORE,RR344485,2841.9,0.0,-2494436.2
29-Jun-2025 04:00,CASH-OUT-AGENT,RR487169,2773.17,0.0,-2497209.37
29-Jun-2025 14:00,DREAM11-ENTRY,RR936765,4248.17,0.0,-2501457.54
30-Jun-2025 00:00,DREAM11-ENTRY,RR165390,2250.62,0.0,-2503708.16
30-Jun-2025 10:00,CASH-OUT-AGENT,RR639523,1257.55,0.0,-2504965.71
30-Jun-2025 20:00,FAILED-UPI-REV,RR198759,1465.73,0.0,-2506431.44
01-Jul-2025 06:00,DREAM11-ENTRY,RR345031,3089.72,0.0,-2509521.16
01-Jul-2025 16:00,DREAM11-ENTRY,RR865158,583.74,0.0,-2510104.9
02-Jul-2025 02:00,LOCAL WINE STORE,RR100405,4030.4,0.0,-2514135.29
02-Jul-2025 12:00,ATM WITHDRAWAL,RR386788,374.11,0.0,-2514509.4
02-Jul-2025 22:00,DREAM11-ENTRY,RR314270,837.87,0.0,-2515347.27
03-Jul-2025 08:00,CASH-OUT-AGENT,RR188440,1417.72,0.0,-2516764.99
03-Jul-2025 18:00,CASH-OUT-AGENT,RR891752,1289.64,0.0,-2518054.63
04-Jul-2025 04:00,FAILED-UPI-REV,RR226406,3803.3,0.0,-2521857.93
04-Jul-2025 14:00,FAILED-UPI-REV,RR670121,3659.63,0.0,-2525517.56
05-Jul-2025 00:00,DREAM11-ENTRY,RR460760,1121.08,0.0,-2526638.63
05-Jul-2025 10:00,ATM WITHDRAWAL,RR748440,2672.18,0.0,-2529310.81
05-Jul-2025 20:00,CASH-OUT-AGENT,RR199206,1726.95,0.0,-2531037.76
06-Jul-2025 06:00,DREAM11-ENTRY,RR355687,3976.0,0.0,-2535013.76
06-Jul-2025 16:00,FAILED-UPI-REV,RR758932,366.52,0.0,-2535380.28
07-Jul-2025 02:00,FAILED-UPI-REV,RR981548,2834.14,0.0,-2538214.42
07-Jul-2025 12:00,DREAM11-ENTRY,RR681607,2830.89,0.0,-2541045.31
07-Jul-2025 22:00,CASH-OUT-AGENT,RR889153,3874.84,0.0,-2544920.15
08-Jul-2025 08:00,DREAM11-ENTRY,RR188199,3827.99,0.0,-2548748.15
08-Jul-2025 18:00,LOCAL WINE STORE,RR579727,277.03,0.0,-2549025.18
09-Jul-2025 04:00,LOCAL WINE STORE,RR818831,1591.43,0.0,-2550616.61
09-Jul-2025 14:00,LOCAL WINE STORE,RR190494,3490.64,0.0,-2554107.25
10-Jul-2025 00:00,ATM WITHDRAWAL,RR294591,2299.64,0.0,-2556406.89
10-Jul-2025 10:00,CASH-OUT-AGENT,RR906944,2780.57,0.0,-2559187.46
10-Jul-2025 20:00,DREAM11-ENTRY,RR566326,2222.06,0.0,-2561409.53
11-Jul-2025 06:00,ATM WITHDRAWAL,RR721887,1813.32,0.0,-2563222.84
11-Jul-2025 16:00,LOCAL WINE STORE,RR561807,661.94,0.0,-2563884.78
12-Jul-2025 02:00,ATM WITHDRAWAL,RR776683,4597.37,0.0,-2568482.15
12-Jul-2025 12:00,FAILED-UPI-REV,RR870121,4618.68,0.0,-2573100.84
12-Jul-2025 22:00,ATM WITHDRAWAL,RR622379,1647.89,0.0,-2574748.72
13-Jul-2025 08:00,LOCAL WINE STORE,RR867818,2830.1,0.0,-2577578.82
13-Jul-2025 18:00,ATM WITHDRAWAL,RR180203,4625.09,0.0,-2582203.92
14-Jul-2025 04:00,CASH-OUT-AGENT,RR651966,1123.76,0.0,-2583327.68
14-Jul-2025 14:00,DREAM11-ENTRY,RR691623,1807.63,0.0,-2585135.31
15-Jul-2025 00:00,DREAM11-ENTRY,RR153748,2017.04,0.0,-2587152.35
15-Jul-2025 10:00,ATM WITHDRAWAL,RR592288,3305.62,0.0,-2590457.97
15-Jul-2025 20:00,CASH-OUT-AGENT,RR364398,4428.21,0.0,-2594886.18
16-Jul-2025 06:00,LOCAL WINE STORE,RR773224,770.41,0.0,-2595656.59
16-Jul-2025 16:00,CASH-OUT-AGENT,RR298814,4309.69,0.0,-2599966.28
17-Jul-2025 02:00,DREAM11-ENTRY,RR213918,1781.06,0.0,-2601747.34
17-Jul-2025 12:00,FAILED-UPI-REV,RR600893,517.77,0.0,-2602265.1
17-Jul-2025 22:00,FAILED-UPI-REV,RR244729,2247.35,0.0,-2604512.45
18-Jul-2025 08:00,FAILED-UPI-REV,RR579999,4224.3,0.0,-2608736.75
18-Jul-2025 18:00,ATM WITHDRAWAL,RR358449,4439.64,0.0,-2613176.39
19-Jul-2025 04:00,FAILED-UPI-REV,RR216844,426.83,0.0,-2613603.22
19-Jul-2025 14:00,DREAM11-ENTRY,RR319210,4758.5,0.0,-2618361.71
20-Jul-2025 00:00,FAILED-UPI-REV,RR543802,1864.65,0.0,-2620226.37
20-Jul-2025 10:00,LOCAL WINE STORE,RR729287,4632.12,0.0,-2624858.49
20-Jul-2025 20:00,DREAM11-ENTRY,RR126499,4154.44,0.0,-2629012.92
21-Jul-2025 06:00,ATM WITHDRAWAL,RR627617,470.13,0.0,-2629483.05
21-Jul-2025 16:00,FAILED-UPI-REV,RR464678,3447.47,0.0,-2632930.52
22-Jul-2025 02:00,LOCAL WINE STORE,RR186098,105.3,0.0,-2633035.83
22-Jul-2025 12:00,LOCAL WINE STORE,RR743469,4478.83,0.0,-2637514.66
22-Jul-2025 22:00,CASH-OUT-AGENT,RR235455,4048.64,0.0,-2641563.29
23-Jul-2025 08:00,ATM WITHDRAWAL,RR655294,1860.05,0.0,-2643423.35
23-Jul-2025 18:00,LOCAL WINE STORE,RR826970,1071.56,0.0,-2644494.91
24-Jul-2025 04:00,LOCAL WINE STORE,RR315836,2806.64,0.0,-2647301.55
24-Jul-2025 14:00,FAILED-UPI-REV,RR344113,515.77,0.0,-2647817.33
25-Jul-2025 00:00,FAILED-UPI-REV,RR688568,1094.36,0.0,-2648911.69
25-Jul-2025 10:00,CASH-OUT-AGENT,RR857358,956.01,0.0,-2649867.7
25-Jul-2025 20:00,CASH-OUT-AGENT,RR785817,2930.81,0.0,-2652798.51
26-Jul-2025 06:00,FAILED-UPI-REV,RR857292,1006.68,0.0,-2653805.19
26-Jul-2025 16:00,CASH-OUT-AGENT,RR915419,4924.76,0.0,-2658729.95
27-Jul-2025 02:00,CASH-OUT-AGENT,RR885281,3947.06,0.0,-2662677.01
27-Jul-2025 12:00,FAILED-UPI-REV,RR804804,4076.84,0.0,-2666753.85
27-Jul-2025 22:00,DREAM11-ENTRY,RR207816,1056.19,0.0,-2667810.05
28-Jul-2025 08:00,DREAM11-ENTRY,RR963055,365.6,0.0,-2668175.65
28-Jul-2025 18:00,FAILED-UPI-REV,RR511814,2612.23,0.0,-2670787.89
29-Jul-2025 04:00,LOCAL WINE STORE,RR460936,2967.77,0.0,-2673755.65
29-Jul-2025 14:00,FAILED-UPI-REV,RR742320,1214.77,0.0,-2674970.42
30-Jul-2025 00:00,DREAM11-ENTRY,RR405293,4186.93,0.0,-2679157.35
30-Jul-2025 10:00,FAILED-UPI-REV,RR648549,831.2,0.0,-2679988.55
30-Jul-2025 20:00,DREAM11-ENTRY,RR982660,393.59,0.0,-2680382.14
31-Jul-2025 06:00,FAILED-UPI-REV,RR489029,2914.6,0.0,-2683296.74
31-Jul-2025 16:00,CASH-OUT-AGENT,RR965014,2968.65,0.0,-2686265.39
01-Aug-2025 02:00,LOCAL WINE STORE,RR478687,1665.02,0.0,-2687930.41
01-Aug-2025 12:00,DREAM11-ENTRY,RR589516,3251.0,0.0,-2691181.4
01-Aug-2025 22:00,FAILED-UPI-REV,RR109227,939.22,0.0,-2692120.63
02-Aug-2025 08:00,DREAM11-ENTRY,RR555321,4518.88,0.0,-2696639.51
02-Aug-2025 18:00,LOCAL WINE STORE,RR891808,3839.79,0.0,-2700479.3
03-Aug-2025 04:00,LOCAL WINE STORE,RR959846,3849.72,0.0,-2704329.02
03-Aug-2025 14:00,ATM WITHDRAWAL,RR645388,2356.88,0.0,-2706685.9
04-Aug-2025 00:00,DREAM11-ENTRY,RR383016,4699.34,0.0,-2711385.24
04-Aug-2025 10:00,LOCAL WINE STORE,RR982115,1370.67,0.0,-2712755.91
04-Aug-2025 20:00,CASH-OUT-AGENT,RR148797,2232.12,0.0,-2714988.02
05-Aug-2025 06:00,FAILED-UPI-REV,RR584206,3114.82,0.0,-2718102.84
05-Aug-2025 16:00,DREAM11-ENTRY,RR610592,3995.07,0.0,-2722097.91
06-Aug-2025 02:00,LOCAL WINE STORE,RR739224,2623.57,0.0,-2724721.48
06-Aug-2025 12:00,DREAM11-ENTRY,RR306211,1177.33,0.0,-2725898.81
06-Aug-2025 22:00,FAILED-UPI-REV,RR186716,1036.52,0.0,-2726935.32
07-Aug-2025 08:00,DREAM11-ENTRY,RR851645,4042.9,0.0,-2730978.23
07-Aug-2025 18:00,ATM WITHDRAWAL,RR662814,3390.35,0.0,-2734368.58
08-Aug-2025 04:00,LOCAL WINE STORE,RR134208,1911.83,0.0,-2736280.41
08-Aug-2025 14:00,LOCAL WINE STORE,RR391718,3581.59,0.0,-2739862.0
09-Aug-2025 00:00,DREAM11-ENTRY,RR144569,1994.39,0.0,-2741856.39
09-Aug-2025 10:00,FAILED-UPI-REV,RR389687,1516.64,0.0,-2743373.03
09-Aug-2025 20:00,ATM WITHDRAWAL,RR855528,801.52,0.0,-2744174.55
10-Aug-2025 06:00,LOCAL WINE STORE,RR533638,2016.38,0.0,-2746190.94
10-Aug-2025 16:00,LOCAL WINE STORE,RR872770,3592.41,0.0,-2749783.34
11-Aug-2025 02:00,CASH-OUT-AGENT,RR105240,1859.09,0.0,-2751642.43
11-Aug-2025 12:00,FAILED-UPI-REV,RR463509,4827.9,0.0,-2756470.33
11-Aug-2025 22:00,DREAM11-ENTRY,RR871174,4857.64,0.0,-2761327.97
12-Aug-2025 08:00,LOCAL WINE STORE,RR653264,2205.58,0.0,-2763533.56
12-Aug-2025 18:00,ATM WITHDRAWAL,RR743261,516.32,0.0,-2764049.88
13-Aug-2025 04:00,FAILED-UPI-REV,RR598939,3461.14,0.0,-2767511.02
13-Aug-2025 14:00,FAILED-UPI-REV,RR974942,2137.02,0.0,-2769648.04
14-Aug-2025 00:00,CASH-OUT-AGENT,RR160181,2244.93,0.0,-2771892.98
14-Aug-2025 10:00,ATM WITHDRAWAL,RR175274,1192.81,0.0,-2773085.79
14-Aug-2025 20:00,FAILED-UPI-REV,RR617317,487.8,0.0,-2773573.58
15-Aug-2025 06:00,ATM WITHDRAWAL,RR678391,1197.03,0.0,-2774770.61
15-Aug-2025 16:00,FAILED-UPI-REV,RR132444,1937.01,0.0,-2776707.62
16-Aug-2025 02:00,ATM WITHDRAWAL,RR594854,256.89,0.0,-2776964.51
16-Aug-2025 12:00,ATM WITHDRAWAL,RR459395,693.39,0.0,-2777657.89
16-Aug-2025 22:00,ATM WITHDRAWAL,RR571697,3324.37,0.0,-2780982.26
17-Aug-2025 08:00,LOCAL WINE STORE,RR585372,3155.16,0.0,-2784137.42
17-Aug-2025 18:00,ATM WITHDRAWAL,RR203162,397.01,0.0,-2784534.43
18-Aug-2025 04:00,ATM WITHDRAWAL,RR870387,2555.76,0.0,-2787090.19
18-Aug-2025 14:00,LOCAL WINE STORE,RR580146,4712.97,0.0,-2791803.16
19-Aug-2025 00:00,CASH-OUT-AGENT,RR525524,2223.97,0.0,-2794027.13
19-Aug-2025 10:00,FAILED-UPI-REV,RR191644,1789.72,0.0,-2795816.85
19-Aug-2025 20:00,DREAM11-ENTRY,RR170981,1263.03,0.0,-2797079.89
20-Aug-2025 06:00,LOCAL WINE STORE,RR577530,4799.62,0.0,-2801879.51
20-Aug-2025 16:00,LOCAL WINE STORE,RR369500,4496.85,0.0,-2806376.36
21-Aug-2025 02:00,FAILED-UPI-REV,RR355636,1724.95,0.0,-2808101.31
21-Aug-2025 12:00,CASH-OUT-AGENT,RR540631,113.2,0.0,-2808214.52
21-Aug-2025 22:00,FAILED-UPI-REV,RR900112,1352.75,0.0,-2809567.27
22-Aug-2025 08:00,ATM WITHDRAWAL,RR622508,3382.09,0.0,-2812949.36
22-Aug-2025 18:00,FAILED-UPI-REV,RR453674,1425.05,0.0,-2814374.42
23-Aug-2025 04:00,ATM WITHDRAWAL,RR415479,2852.6,0.0,-2817227.02
23-Aug-2025 14:00,CASH-OUT-AGENT,RR376549,4384.27,0.0,-2821611.29
24-Aug-2025 00:00,DREAM11-ENTRY,RR172464,4473.35,0.0,-2826084.64
24-Aug-2025 10:00,CASH-OUT-AGENT,RR122727,3980.43,0.0,-2830065.08
24-Aug-2025 20:00,LOCAL WINE STORE,RR858031,2699.83,0.0,-2832764.9
25-Aug-2025 06:00,FAILED-UPI-REV,RR147909,3082.47,0.0,-2835847.37
25-Aug-2025 16:00,DREAM11-ENTRY,RR817177,3516.19,0.0,-2839363.56
26-Aug-2025 02:00,LOCAL WINE STORE,RR201965,4833.6,0.0,-2844197.17
26-Aug-2025 12:00,DREAM11-ENTRY,RR538079,3163.6,0.0,-2847360.76
26-Aug-2025 22:00,LOCAL WINE STORE,RR887908,4601.11,0.0,-2851961.87
27-Aug-2025 08:00,FAILED-UPI-REV,RR929174,3636.64,0.0,-2855598.51
27-Aug-2025 18:00,FAILED-UPI-REV,RR907095,1007.69,0.0,-2856606.21
28-Aug-2025 04:00,CASH-OUT-AGENT,RR508932,3083.82,0.0,-2859690.03
28-Aug-2025 14:00,CASH-OUT-AGENT,RR830234,2569.35,0.0,-2862259.37
29-Aug-2025 00:00,LOCAL WINE STORE,RR768990,276.32,0.0,-2862535.69
29-Aug-2025 10:00,CASH-OUT-AGENT,RR431554,288.6,0.0,-2862824.29
29-Aug-2025 20:00,CASH-OUT-AGENT,RR930863,4885.22,0.0,-2867709.52
30-Aug-2025 06:00,DREAM11-ENTRY,RR764068,492.89,0.0,-2868202.41
30-Aug-2025 16:00,ATM WITHDRAWAL,RR765194,1903.64,0.0,-2870106.05
31-Aug-2025 02:00,LOCAL WINE STORE,RR436815,3506.84,0.0,-2873612.89
31-Aug-2025 12:00,LOCAL WINE STORE,RR470810,466.99,0.0,-2874079.88
31-Aug-2025 22:00,DREAM11-ENTRY,RR388852,2913.58,0.0,-2876993.46
01-Sep-2025 08:00,CASH-OUT-AGENT,RR201074,4909.52,0.0,-2881902.99
01-Sep-2025 18:00,ATM WITHDRAWAL,RR654487,3727.92,0.0,-2885630.91
02-Sep-2025 04:00,CASH-OUT-AGENT,RR750572,3500.63,0.0,-2889131.54
02-Sep-2025 14:00,CASH-OUT-AGENT,RR104332,1757.86,0.0,-2890889.4
03-Sep-2025 00:00,DREAM11-ENTRY,RR247652,3012.88,0.0,-2893902.28
03-Sep-2025 10:00,CASH-OUT-AGENT,RR128939,1297.85,0.0,-2895200.13
03-Sep-2025 20:00,DREAM11-ENTRY,RR350533,2872.99,0.0,-2898073.12
04-Sep-2025 06:00,CASH-OUT-AGENT,RR512607,2487.2,0.0,-2900560.32
04-Sep-2025 16:00,ATM WITHDRAWAL,RR638334,4487.07,0.0,-2905047.39
05-Sep-2025 02:00,LOCAL WINE STORE,RR950266,518.37,0.0,-2905565.77
05-Sep-2025 12:00,FAILED-UPI-REV,RR526367,2469.44,0.0,-2908035.2
05-Sep-2025 22:00,FAILED-UPI-REV,RR233401,4831.38,0.0,-2912866.58
06-Sep-2025 08:00,CASH-OUT-AGENT,RR685425,1012.35,0.0,-2913878.94
06-Sep-2025 18:00,LOCAL WINE STORE,RR792948,1394.45,0.0,-2915273.39
07-Sep-2025 04:00,FAILED-UPI-REV,RR127236,4382.27,0.0,-2919655.65
07-Sep-2025 14:00,DREAM11-ENTRY,RR215725,3926.78,0.0,-2923582.43
08-Sep-2025 00:00,LOCAL WINE STORE,RR344955,4905.71,0.0,-2928488.14
08-Sep-2025 10:00,CASH-OUT-AGENT,RR743312,1930.82,0.0,-2930418.96
08-Sep-2025 20:00,FAILED-UPI-REV,RR461827,2812.25,0.0,-2933231.21
09-Sep-2025 06:00,LOCAL WINE STORE,RR514183,4626.39,0.0,-2937857.6
09-Sep-2025 16:00,ATM WITHDRAWAL,RR409265,1913.82,0.0,-2939771.42
10-Sep-2025 02:00,LOCAL WINE STORE,RR820880,1994.2,0.0,-2941765.62
10-Sep-2025 12:00,ATM WITHDRAWAL,RR904034,1481.77,0.0,-2943247.39
10-Sep-2025 22:00,DREAM11-ENTRY,RR929696,313.5,0.0,-2943560.89
11-Sep-2025 08:00,CASH-OUT-AGENT,RR679871,301.07,0.0,-2943861.96
11-Sep-2025 18:00,ATM WITHDRAWAL,RR791664,3393.8,0.0,-2947255.76
12-Sep-2025 04:00,CASH-OUT-AGENT,RR814658,4554.87,0.0,-2951810.63
12-Sep-2025 14:00,CASH-OUT-AGENT,RR635207,1943.47,0.0,-2953754.1
13-Sep-2025 00:00,DREAM11-ENTRY,RR547244,4158.68,0.0,-2957912.77
13-Sep-2025 10:00,DREAM11-ENTRY,RR788140,586.33,0.0,-2958499.11
13-Sep-2025 20:00,LOCAL WINE STORE,RR667003,608.81,0.0,-2959107.92
14-Sep-2025 06:00,CASH-OUT-AGENT,RR926165,2869.05,0.0,-2961976.97
14-Sep-2025 16:00,LOCAL WINE STORE,RR356337,4364.78,0.0,-2966341.75
15-Sep-2025 02:00,LOCAL WINE STORE,RR482884,4298.91,0.0,-2970640.66
15-Sep-2025 12:00,FAILED-UPI-REV,RR798315,234.98,0.0,-2970875.64
15-Sep-2025 22:00,ATM WITHDRAWAL,RR743265,1877.33,0.0,-2972752.97
16-Sep-2025 08:00,FAILED-UPI-REV,RR182193,2676.39,0.0,-2975429.36
16-Sep-2025 18:00,ATM WITHDRAWAL,RR281796,2387.23,0.0,-2977816.59
17-Sep-2025 04:00,DREAM11-ENTRY,RR901564,4832.2,0.0,-2982648.79
17-Sep-2025 14:00,LOCAL WINE STORE,RR380495,430.54,0.0,-2983079.32
18-Sep-2025 00:00,DREAM11-ENTRY,RR470879,1644.08,0.0,-2984723.4
18-Sep-2025 10:00,ATM WITHDRAWAL,RR762128,2734.65,0.0,-2987458.05
18-Sep-2025 20:00,FAILED-UPI-REV,RR407670,3015.38,0.0,-2990473.43
19-Sep-2025 06:00,DREAM11-ENTRY,RR463232,1419.08,0.0,-2991892.51
19-Sep-2025 16:00,DREAM11-ENTRY,RR378806,2052.65,0.0,-2993945.16
20-Sep-2025 02:00,CASH-OUT-AGENT,RR429240,2494.43,0.0,-2996439.59
20-Sep-2025 12:00,DREAM11-ENTRY,RR470616,2151.68,0.0,-2998591.27
20-Sep-2025 22:00,FAILED-UPI-REV,RR296803,3315.13,0.0,-3001906.41
21-Sep-2025 08:00,LOCAL WINE STORE,RR897022,2603.7,0.0,-3004510.11
21-Sep-2025 18:00,CASH-OUT-AGENT,RR994304,596.46,0.0,-3005106.57
22-Sep-2025 04:00,ATM WITHDRAWAL,RR643402,3882.6,0.0,-3008989.17
22-Sep-2025 14:00,ATM WITHDRAWAL,RR285511,4472.55,0.0,-3013461.72
23-Sep-2025 00:00,DREAM11-ENTRY,RR367166,4871.29,0.0,-3018333.02
23-Sep-2025 10:00,CASH-OUT-AGENT,RR733062,2203.26,0.0,-3020536.27
23-Sep-2025 20:00,CASH-OUT-AGENT,RR156512,4133.46,0.0,-3024669.73
24-Sep-2025 06:00,ATM WITHDRAWAL,RR625293,3993.56,0.0,-3028663.29
24-Sep-2025 16:00,LOCAL WINE STORE,RR898267,121.02,0.0,-3028784.32
25-Sep-2025 02:00,LOCAL WINE STORE,RR457743,2317.99,0.0,-3031102.31
25-Sep-2025 12:00,ATM WITHDRAWAL,RR441556,1827.62,0.0,-3032929.93
25-Sep-2025 22:00,FAILED-UPI-REV,RR675827,484.5,0.0,-3033414.43
26-Sep-2025 08:00,CASH-OUT-AGENT,RR213697,629.86,0.0,-3034044.29
26-Sep-2025 18:00,FAILED-UPI-REV,RR156445,2648.95,0.0,-3036693.24
27-Sep-2025 04:00,ATM WITHDRAWAL,RR437189,3594.35,0.0,-3040287.59
27-Sep-2025 14:00,CASH-OUT-AGENT,RR156551,2976.11,0.0,-3043263.7
28-Sep-2025 00:00,LOCAL WINE STORE,RR320563,1498.9,0.0,-3044762.6
28-Sep-2025 10:00,FAILED-UPI-REV,RR782782,2869.68,0.0,-3047632.28
28-Sep-2025 20:00,FAILED-UPI-REV,RR156753,4252.24,0.0,-3051884.52
29-Sep-2025 06:00,CASH-OUT-AGENT,RR541661,4371.4,0.0,-3056255.92
29-Sep-2025 16:00,LOCAL WINE STORE,RR668273,4175.81,0.0,-3060431.73
30-Sep-2025 02:00,DREAM11-ENTRY,RR820591,563.08,0.0,-3060994.8
30-Sep-2025 12:00,ATM WITHDRAWAL,RR688213,2855.04,0.0,-3063849.84
30-Sep-2025 22:00,LOCAL WINE STORE,RR964607,3052.84,0.0,-3066902.68
01-Oct-2025 08:00,DREAM11-ENTRY,RR508827,4865.7,0.0,-3071768.38
01-Oct-2025 18:00,FAILED-UPI-REV,RR582067,4316.79,0.0,-3076085.17
02-Oct-2025 04:00,DREAM11-ENTRY,RR331125,2632.9,0.0,-3078718.06
02-Oct-2025 14:00,DREAM11-ENTRY,RR176498,3876.34,0.0,-3082594.41
03-Oct-2025 00:00,DREAM11-ENTRY,RR709674,1799.34,0.0,-3084393.75
03-Oct-2025 10:00,DREAM11-ENTRY,RR656435,2852.09,0.0,-3087245.84
03-Oct-2025 20:00,CASH DEPOSIT-CDM,RR358850,0.0,17430.18,-3069815.66
04-Oct-2025 06:00,ATM WITHDRAWAL,RR521421,2593.58,0.0,-3072409.25
04-Oct-2025 16:00,LOCAL WINE STORE,RR445611,296.45,0.0,-3072705.7
05-Oct-2025 02:00,FAILED-UPI-REV,RR992916,3604.97,0.0,-3076310.67
05-Oct-2025 12:00,FAILED-UPI-REV,RR863308,2714.5,0.0,-3079025.17
05-Oct-2025 22:00,ATM WITHDRAWAL,RR135966,2430.05,0.0,-3081455.22
06-Oct-2025 08:00,ATM WITHDRAWAL,RR370563,2745.66,0.0,-3084200.88
06-Oct-2025 18:00,ATM WITHDRAWAL,RR416024,2673.43,0.0,-3086874.32
07-Oct-2025 04:00,FAILED-UPI-REV,RR624398,3952.01,0.0,-3090826.33
07-Oct-2025 14:00,LOCAL WINE STORE,RR606955,2449.53,0.0,-3093275.85
08-Oct-2025 00:00,CASH-OUT-AGENT,RR529867,1849.84,0.0,-3095125.7
08-Oct-2025 10:00,LOCAL WINE STORE,RR458600,3844.99,0.0,-3098970.68
08-Oct-2025 20:00,DREAM11-ENTRY,RR871848,131.85,0.0,-3099102.53
09-Oct-2025 06:00,LOCAL WINE STORE,RR407667,1250.85,0.0,-3100353.39
09-Oct-2025 16:00,LOCAL WINE STORE,RR294718,3570.05,0.0,-3103923.44
10-Oct-2025 02:00,FAILED-UPI-REV,RR363220,1332.27,0.0,-3105255.7
10-Oct-2025 12:00,LOCAL WINE STORE,RR512591,4318.84,0.0,-3109574.54
10-Oct-2025 22:00,DREAM11-ENTRY,RR379469,2950.32,0.0,-3112524.86
11-Oct-2025 08:00,DREAM11-ENTRY,RR815037,643.06,0.0,-3113167.93
11-Oct-2025 18:00,ATM WITHDRAWAL,RR832263,1434.34,0.0,-3114602.26
12-Oct-2025 04:00,DREAM11-ENTRY,RR181550,489.47,0.0,-3115091.73
12-Oct-2025 14:00,LOCAL WINE STORE,RR720260,2704.14,0.0,-3117795.87
13-Oct-2025 00:00,LOCAL WINE STORE,RR471426,2301.47,0.0,-3120097.34
13-Oct-2025 10:00,FAILED-UPI-REV,RR925377,3202.42,0.0,-3123299.76
13-Oct-2025 20:00,ATM WITHDRAWAL,RR284297,4586.01,0.0,-3127885.77
14-Oct-2025 06:00,DREAM11-ENTRY,RR131180,1653.46,0.0,-3129539.23
14-Oct-2025 16:00,CASH-OUT-AGENT,RR546763,129.71,0.0,-3129668.93
15-Oct-2025 02:00,CASH-OUT-AGENT,RR603512,254.24,0.0,-3129923.18
15-Oct-2025 12:00,ATM WITHDRAWAL,RR742087,3508.02,0.0,-3133431.2
15-Oct-2025 22:00,ATM WITHDRAWAL,RR521175,1939.63,0.0,-3135370.83
16-Oct-2025 08:00,ATM WITHDRAWAL,RR481704,3587.85,0.0,-3138958.69
16-Oct-2025 18:00,CASH-OUT-AGENT,RR423065,4329.04,0.0,-3143287.72
17-Oct-2025 04:00,ATM WITHDRAWAL,RR967554,4591.36,0.0,-3147879.08
17-Oct-2025 14:00,DREAM11-ENTRY,RR908699,2161.55,0.0,-3150040.64
18-Oct-2025 00:00,DREAM11-ENTRY,RR803331,1074.97,0.0,-3151115.61
18-Oct-2025 10:00,CASH-OUT-AGENT,RR658775,4062.56,0.0,-3155178.17
18-Oct-2025 20:00,ATM WITHDRAWAL,RR230814,3197.6,0.0,-3158375.78
19-Oct-2025 06:00,LOCAL WINE STORE,RR374487,1808.0,0.0,-3160183.78
19-Oct-2025 16:00,DREAM11-ENTRY,RR252072,2457.45,0.0,-3162641.23
20-Oct-2025 02:00,ATM WITHDRAWAL,RR960120,2357.29,0.0,-3164998.51
20-Oct-2025 12:00,CASH-OUT-AGENT,RR565581,3266.51,0.0,-3168265.02
20-Oct-2025 22:00,LOCAL WINE STORE,RR945340,2381.94,0.0,-3170646.96
21-Oct-2025 08:00,LOCAL WINE STORE,RR367616,2542.57,0.0,-3173189.54
21-Oct-2025 18:00,FAILED-UPI-REV,RR838032,3428.22,0.0,-3176617.75
22-Oct-2025 04:00,ATM WITHDRAWAL,RR402553,4224.69,0.0,-3180842.44
22-Oct-2025 14:00,CASH-OUT-AGENT,RR972145,2796.25,0.0,-3183638.69
23-Oct-2025 00:00,FAILED-UPI-REV,RR268970,1460.12,0.0,-3185098.82
23-Oct-2025 10:00,DREAM11-ENTRY,RR952659,509.64,0.0,-3185608.46
23-Oct-2025 20:00,DREAM11-ENTRY,RR524722,2633.53,0.0,-3188241.99
24-Oct-2025 06:00,FAILED-UPI-REV,RR357697,4348.77,0.0,-3192590.75
24-Oct-2025 16:00,DREAM11-ENTRY,RR623011,4705.84,0.0,-3197296.59
25-Oct-2025 02:00,DREAM11-ENTRY,RR409276,909.01,0.0,-3198205.6
25-Oct-2025 12:00,CASH-OUT-AGENT,RR340659,4738.15,0.0,-3202943.75
25-Oct-2025 22:00,LOCAL WINE STORE,RR721697,641.48,0.0,-3203585.23
26-Oct-2025 08:00,LOCAL WINE STORE,RR165513,3607.46,0.0,-3207192.69
26-Oct-2025 18:00,LOCAL WINE STORE,RR306761,3236.91,0.0,-3210429.6
27-Oct-2025 04:00,ATM WITHDRAWAL,RR544598,3060.76,0.0,-3213490.36
27-Oct-2025 14:00,CASH-OUT-AGENT,RR987273,3576.91,0.0,-3217067.28
28-Oct-2025 00:00,DREAM11-ENTRY,RR543994,2513.46,0.0,-3219580.74
28-Oct-2025 10:00,CASH-OUT-AGENT,RR820671,2718.31,0.0,-3222299.05
28-Oct-2025 20:00,ATM WITHDRAWAL,RR167844,1709.19,0.0,-3224008.24
29-Oct-2025 06:00,FAILED-UPI-REV,RR983782,1043.37,0.0,-3225051.61
29-Oct-2025 16:00,CASH-OUT-AGENT,RR902367,2470.06,0.0,-3227521.67
30-Oct-2025 02:00,CASH-OUT-AGENT,RR510507,448.66,0.0,-3227970.33
30-Oct-2025 12:00,ATM WITHDRAWAL,RR299688,360.56,0.0,-3228330.89
30-Oct-2025 22:00,FAILED-UPI-REV,RR779590,2540.67,0.0,-3230871.56
31-Oct-2025 08:00,LOCAL WINE STORE,RR694459,935.94,0.0,-3231807.5
31-Oct-2025 18:00,CASH-OUT-AGENT,RR212919,839.13,0.0,-3232646.63
01-Nov-2025 04:00,LOCAL WINE STORE,RR341882,1664.13,0.0,-3234310.76
01-Nov-2025 14:00,LOCAL WINE STORE,RR661308,4813.41,0.0,-3239124.17
02-Nov-2025 00:00,ATM WITHDRAWAL,RR662643,352.94,0.0,-3239477.11
02-Nov-2025 10:00,CASH-OUT-AGENT,RR999709,4247.34,0.0,-3243724.45
02-Nov-2025 20:00,DREAM11-ENTRY,RR467759,633.7,0.0,-3244358.16
03-Nov-2025 06:00,ATM WITHDRAWAL,RR525320,3480.39,0.0,-3247838.55
03-Nov-2025 16:00,CASH-OUT-AGENT,RR436537,1369.69,0.0,-3249208.24
04-Nov-2025 02:00,FAILED-UPI-REV,RR190768,3012.08,0.0,-3252220.31
04-Nov-2025 12:00,LOCAL WINE STORE,RR242674,2073.98,0.0,-3254294.3
04-Nov-2025 22:00,LOCAL WINE STORE,RR442346,804.39,0.0,-3255098.68
05-Nov-2025 08:00,DREAM11-ENTRY,RR777973,3782.2,0.0,-3258880.88
05-Nov-2025 18:00,LOCAL WINE STORE,RR154999,897.88,0.0,-3259778.77
06-Nov-2025 04:00,CASH-OUT-AGENT,RR840464,807.07,0.0,-3260585.84
06-Nov-2025 14:00,DREAM11-ENTRY,RR274673,4441.56,0.0,-3265027.4
07-Nov-2025 00:00,ATM WITHDRAWAL,RR217190,3348.83,0.0,-3268376.23
07-Nov-2025 10:00,FAILED-UPI-REV,RR101724,1014.87,0.0,-3269391.09
07-Nov-2025 20:00,ATM WITHDRAWAL,RR366799,3684.56,0.0,-3273075.65
08-Nov-2025 06:00,FAILED-UPI-REV,RR466362,2751.23,0.0,-3275826.88
08-Nov-2025 16:00,CASH-OUT-AGENT,RR147292,4860.79,0.0,-3280687.68
09-Nov-2025 02:00,CASH-OUT-AGENT,RR488818,2759.38,0.0,-3283447.06
09-Nov-2025 12:00,DREAM11-ENTRY,RR477112,948.6,0.0,-3284395.66
09-Nov-2025 22:00,LOCAL WINE STORE,RR603638,2757.26,0.0,-3287152.92
10-Nov-2025 08:00,CASH-OUT-AGENT,RR373089,1869.84,0.0,-3289022.76
10-Nov-2025 18:00,LOCAL WINE STORE,RR209302,509.41,0.0,-3289532.17
11-Nov-2025 04:00,LOCAL WINE STORE,RR139251,2803.55,0.0,-3292335.72
11-Nov-2025 14:00,DREAM11-ENTRY,RR207966,1226.55,0.0,-3293562.27
12-Nov-2025 00:00,FAILED-UPI-REV,RR672851,3315.95,0.0,-3296878.22
12-Nov-2025 10:00,DREAM11-ENTRY,RR612273,2371.73,0.0,-3299249.95
12-Nov-2025 20:00,DREAM11-ENTRY,RR406168,1255.61,0.0,-3300505.55
13-Nov-2025 06:00,DREAM11-ENTRY,RR923972,3596.26,0.0,-3304101.81
13-Nov-2025 16:00,LOCAL WINE STORE,RR301872,129.04,0.0,-3304230.85
14-Nov-2025 02:00,LOCAL WINE STORE,RR550614,1252.83,0.0,-3305483.68
14-Nov-2025 12:00,FAILED-UPI-REV,RR962399,2934.51,0.0,-3308418.19
14-Nov-2025 22:00,ATM WITHDRAWAL,RR297952,1415.52,0.0,-3309833.71
15-Nov-2025 08:00,LOCAL WINE STORE,RR198527,435.85,0.0,-3310269.56
15-Nov-2025 18:00,FAILED-UPI-REV,RR734010,4385.52,0.0,-3314655.07
16-Nov-2025 04:00,ATM WITHDRAWAL,RR167957,1314.28,0.0,-3315969.35
16-Nov-2025 14:00,FAILED-UPI-REV,RR292282,1330.63,0.0,-3317299.98
17-Nov-2025 00:00,ATM WITHDRAWAL,RR568230,4204.09,0.0,-3321504.08
17-Nov-2025 10:00,ATM WITHDRAWAL,RR745467,373.26,0.0,-3321877.34
17-Nov-2025 20:00,CASH-OUT-AGENT,RR467183,1443.22,0.0,-3323320.56
18-Nov-2025 06:00,FAILED-UPI-REV,RR204004,1421.13,0.0,-3324741.69
18-Nov-2025 16:00,LOCAL WINE STORE,RR981580,1983.24,0.0,-3326724.93
19-Nov-2025 02:00,FAILED-UPI-REV,RR548203,3480.9,0.0,-3330205.83
19-Nov-2025 12:00,CASH-OUT-AGENT,RR740978,4892.22,0.0,-3335098.05
19-Nov-2025 22:00,CASH-OUT-AGENT,RR150154,4882.45,0.0,-3339980.51
20-Nov-2025 08:00,LOCAL WINE STORE,RR890585,4825.02,0.0,-3344805.53
20-Nov-2025 18:00,DREAM11-ENTRY,RR970105,3956.01,0.0,-3348761.54
21-Nov-2025 04:00,ATM WITHDRAWAL,RR320617,3119.04,0.0,-3351880.58
21-Nov-2025 14:00,FAILED-UPI-REV,RR535911,1788.09,0.0,-3353668.67
22-Nov-2025 00:00,LOCAL WINE STORE,RR897314,352.01,0.0,-3354020.68
22-Nov-2025 10:00,DREAM11-ENTRY,RR865044,226.14,0.0,-3354246.82
22-Nov-2025 20:00,ATM WITHDRAWAL,RR973654,4409.96,0.0,-3358656.78
23-Nov-2025 06:00,FAILED-UPI-REV,RR588466,3890.37,0.0,-3362547.15
23-Nov-2025 16:00,CASH-OUT-AGENT,RR283130,856.66,0.0,-3363403.81
24-Nov-2025 02:00,ATM WITHDRAWAL,RR398998,1969.13,0.0,-3365372.94
24-Nov-2025 12:00,CASH-OUT-AGENT,RR700465,3617.61,0.0,-3368990.55
24-Nov-2025 22:00,CASH-OUT-AGENT,RR635213,1779.64,0.0,-3370770.2
25-Nov-2025 08:00,CASH-OUT-AGENT,RR287702,4070.67,0.0,-3374840.87
25-Nov-2025 18:00,ATM WITHDRAWAL,RR960519,950.24,0.0,-3375791.11
26-Nov-2025 04:00,DREAM11-ENTRY,RR745917,766.58,0.0,-3376557.69
26-Nov-2025 14:00,LOCAL WINE STORE,RR914074,2136.89,0.0,-3378694.58
27-Nov-2025 00:00,ATM WITHDRAWAL,RR220419,2420.31,0.0,-3381114.89
27-Nov-2025 10:00,CASH-OUT-AGENT,RR875351,1630.12,0.0,-3382745.01
27-Nov-2025 20:00,CASH-OUT-AGENT,RR706027,2480.52,0.0,-3385225.53
28-Nov-2025 06:00,FAILED-UPI-REV,RR247022,3252.61,0.0,-3388478.14
28-Nov-2025 16:00,ATM WITHDRAWAL,RR619625,1591.33,0.0,-3390069.47
29-Nov-2025 02:00,FAILED-UPI-REV,RR851487,1162.0,0.0,-3391231.47
29-Nov-2025 12:00,FAILED-UPI-REV,RR909042,3336.27,0.0,-3394567.74
29-Nov-2025 22:00,CASH-OUT-AGENT,RR593333,1732.15,0.0,-3396299.89
30-Nov-2025 08:00,CASH-OUT-AGENT,RR827368,1660.87,0.0,-3397960.76
30-Nov-2025 18:00,ATM WITHDRAWAL,RR642437,1649.15,0.0,-3399609.91
01-Dec-2025 04:00,LOCAL WINE STORE,RR288997,228.77,0.0,-3399838.68
01-Dec-2025 14:00,DREAM11-ENTRY,RR868548,183.81,0.0,-3400022.49
02-Dec-2025 00:00,CASH-OUT-AGENT,RR644686,2465.22,0.0,-3402487.71
02-Dec-2025 10:00,LOCAL WINE STORE,RR912884,1306.35,0.0,-3403794.07
02-Dec-2025 20:00,LOCAL WINE STORE,RR446850,2467.74,0.0,-3406261.8
03-Dec-2025 06:00,CASH-OUT-AGENT,RR440162,2309.21,0.0,-3408571.01
03-Dec-2025 16:00,ATM WITHDRAWAL,RR654340,4561.93,0.0,-3413132.94
04-Dec-2025 02:00,FAILED-UPI-REV,RR933685,2920.86,0.0,-3416053.8
04-Dec-2025 12:00,CASH-OUT-AGENT,RR321694,2626.11,0.0,-3418679.91
04-Dec-2025 22:00,ATM WITHDRAWAL,RR575790,3431.54,0.0,-3422111.46
05-Dec-2025 08:00,DREAM11-ENTRY,RR950446,998.48,0.0,-3423109.94
05-Dec-2025 18:00,DREAM11-ENTRY,RR621659,2071.48,0.0,-3425181.42
06-Dec-2025 04:00,CASH-OUT-AGENT,RR393164,122.73,0.0,-3425304.15
06-Dec-2025 14:00,FAILED-UPI-REV,RR658601,4444.27,0.0,-3429748.42
07-Dec-2025 00:00,ATM WITHDRAWAL,RR653116,3284.66,0.0,-3433033.08
07-Dec-2025 10:00,DREAM11-ENTRY,RR404989,4824.86,0.0,-3437857.94
07-Dec-2025 20:00,ATM WITHDRAWAL,RR419156,753.43,0.0,-3438611.37
08-Dec-2025 06:00,DREAM11-ENTRY,RR316608,583.6,0.0,-3439194.97
08-Dec-2025 16:00,ATM WITHDRAWAL,RR193095,4379.89,0.0,-3443574.86
09-Dec-2025 02:00,FAILED-UPI-REV,RR919068,3757.2,0.0,-3447332.05
09-Dec-2025 12:00,LOCAL WINE STORE,RR820732,2373.85,0.0,-3449705.9
09-Dec-2025 22:00,ATM WITHDRAWAL,RR951539,2337.92,0.0,-3452043.82
10-Dec-2025 08:00,ATM WITHDRAWAL,RR502709,2713.1,0.0,-3454756.92
10-Dec-2025 18:00,FAILED-UPI-REV,RR815516,3071.27,0.0,-3457828.2
11-Dec-2025 04:00,LOCAL WINE STORE,RR888789,2539.32,0.0,-3460367.52
11-Dec-2025 14:00,FAILED-UPI-REV,RR575057,3759.29,0.0,-3464126.81
12-Dec-2025 00:00,FAILED-UPI-REV,RR265421,4694.51,0.0,-3468821.32
12-Dec-2025 10:00,LOCAL WINE STORE,RR852943,2229.74,0.0,-3471051.06
12-Dec-2025 20:00,CASH-OUT-AGENT,RR176589,2471.33,0.0,-3473522.4
13-Dec-2025 06:00,CASH-OUT-AGENT,RR479092,1565.25,0.0,-3475087.65
13-Dec-2025 16:00,LOCAL WINE STORE,RR546470,1041.23,0.0,-3476128.88
14-Dec-2025 02:00,CASH-OUT-AGENT,RR146839,1150.98,0.0,-3477279.86
14-Dec-2025 12:00,DREAM11-ENTRY,RR895663,2532.64,0.0,-3479812.5
14-Dec-2025 22:00,FAILED-UPI-REV,RR978446,2938.59,0.0,-3482751.09
15-Dec-2025 08:00,LOCAL WINE STORE,RR197386,4378.26,0.0,-3487129.36
15-Dec-2025 18:00,ATM WITHDRAWAL,RR698150,4737.72,0.0,-3491867.08
16-Dec-2025 04:00,CASH-OUT-AGENT,RR312184,367.84,0.0,-3492234.92
16-Dec-2025 14:00,FAILED-UPI-REV,RR242969,1567.71,0.0,-3493802.63
17-Dec-2025 00:00,DREAM11-ENTRY,RR625172,2241.52,0.0,-3496044.15
17-Dec-2025 10:00,FAILED-UPI-REV,RR412436,1085.3,0.0,-3497129.45
17-Dec-2025 20:00,LOCAL WINE STORE,RR190944,4382.23,0.0,-3501511.68
18-Dec-2025 06:00,LOCAL WINE STORE,RR403870,3954.14,0.0,-3505465.83
18-Dec-2025 16:00,ATM WITHDRAWAL,RR862918,927.53,0.0,-3506393.35
19-Dec-2025 02:00,LOCAL WINE STORE,RR980873,2303.75,0.0,-3508697.1
19-Dec-2025 12:00,DREAM11-ENTRY,RR205436,1669.87,0.0,-3510366.97
19-Dec-2025 22:00,CASH-OUT-AGENT,RR426054,876.72,0.0,-3511243.69
20-Dec-2025 08:00,ATM WITHDRAWAL,RR627882,3541.43,0.0,-3514785.12
20-Dec-2025 18:00,DREAM11-ENTRY,RR867205,2239.65,0.0,-3517024.77
21-Dec-2025 04:00,CASH-OUT-AGENT,RR183605,3456.73,0.0,-3520481.5
21-Dec-2025 14:00,CASH-OUT-AGENT,RR133355,1037.76,0.0,-3521519.26
22-Dec-2025 00:00,LOCAL WINE STORE,RR982586,3457.91,0.0,-3524977.17
22-Dec-2025 10:00,LOCAL WINE STORE,RR496302,4744.43,0.0,-3529721.6
22-Dec-2025 20:00,FAILED-UPI-REV,RR607055,1290.82,0.0,-3531012.42
23-Dec-2025 06:00,ATM WITHDRAWAL,RR285256,2436.99,0.0,-3533449.41
23-Dec-2025 16:00,ATM WITHDRAWAL,RR299314,1277.8,0.0,-3534727.21
24-Dec-2025 02:00,ATM WITHDRAWAL,RR789321,785.7,0.0,-3535512.91
24-Dec-2025 12:00,CASH-OUT-AGENT,RR936171,339.78,0.0,-3535852.69
24-Dec-2025 22:00,LOCAL WINE STORE,RR244458,4167.97,0.0,-3540020.66
25-Dec-2025 08:00,LOCAL WINE STORE,RR448251,561.79,0.0,-3540582.45
25-Dec-2025 18:00,FAILED-UPI-REV,RR948542,4761.09,0.0,-3545343.53
26-Dec-2025 04:00,LOCAL WINE STORE,RR759039,1987.97,0.0,-3547331.51
26-Dec-2025 14:00,ATM WITHDRAWAL,RR950285,555.46,0.0,-3547886.97
27-Dec-2025 00:00,CASH-OUT-AGENT,RR424090,4129.76,0.0,-3552016.72
27-Dec-2025 10:00,DREAM11-ENTRY,RR207703,2762.87,0.0,-3554779.6
27-Dec-2025 20:00,LOCAL WINE STORE,RR201010,1256.87,0.0,-3556036.46
28-Dec-2025 06:00,DREAM11-ENTRY,RR829505,2745.5,0.0,-3558781.96
28-Dec-2025 16:00,DREAM11-ENTRY,RR285213,4583.44,0.0,-3563365.4
29-Dec-2025 02:00,FAILED-UPI-REV,RR481856,3856.37,0.0,-3567221.77
29-Dec-2025 12:00,LOCAL WINE STORE,RR830805,2073.12,0.0,-3569294.88
29-Dec-2025 22:00,CASH-OUT-AGENT,RR609602,4421.61,0.0,-3573716.49
30-Dec-2025 08:00,ATM WITHDRAWAL,RR680175,2791.27,0.0,-3576507.76
30-Dec-2025 18:00,LOCAL WINE STORE,RR685094,4312.87,0.0,-3580820.63
31-Dec-2025 04:00,FAILED-UPI-REV,RR107823,3652.26,0.0,-3584472.89
31-Dec-2025 14:00,DREAM11-ENTRY,RR218820,4620.09,0.0,-3589092.97
01-Jan-2026 00:00,FAILED-UPI-REV,RR395912,4862.36,0.0,-3593955.33
01-Jan-2026 10:00,ATM WITHDRAWAL,RR466288,4958.78,0.0,-3598914.11
01-Jan-2026 20:00,DREAM11-ENTRY,RR670498,1093.18,0.0,-3600007.29
02-Jan-2026 06:00,DREAM11-ENTRY,RR648775,3442.05,0.0,-3603449.33
02-Jan-2026 16:00,DREAM11-ENTRY,RR751240,4962.06,0.0,-3608411.39
03-Jan-2026 02:00,CASH-OUT-AGENT,RR152017,3737.13,0.0,-3612148.52
03-Jan-2026 12:00,CASH-OUT-AGENT,RR509623,4360.22,0.0,-3616508.74
03-Jan-2026 22:00,ATM WITHDRAWAL,RR340312,2348.08,0.0,-3618856.82
04-Jan-2026 08:00,DREAM11-ENTRY,RR205110,333.42,0.0,-3619190.25
04-Jan-2026 18:00,ATM WITHDRAWAL,RR885608,599.94,0.0,-3619790.18
05-Jan-2026 04:00,LOCAL WINE STORE,RR707765,4405.48,0.0,-3624195.66
05-Jan-2026 14:00,CASH-OUT-AGENT,RR942196,109.23,0.0,-3624304.89
06-Jan-2026 00:00,FAILED-UPI-REV,RR579127,3137.91,0.0,-3627442.8
06-Jan-2026 10:00,DREAM11-ENTRY,RR534886,232.57,0.0,-3627675.37
06-Jan-2026 20:00,ATM WITHDRAWAL,RR400191,3783.83,0.0,-3631459.2
07-Jan-2026 06:00,ATM WITHDRAWAL,RR852999,4437.06,0.0,-3635896.26
07-Jan-2026 16:00,CASH-OUT-AGENT,RR427297,3569.17,0.0,-3639465.44
08-Jan-2026 02:00,LOCAL WINE STORE,RR306900,512.36,0.0,-3639977.8
08-Jan-2026 12:00,LOCAL WINE STORE,RR798683,280.98,0.0,-3640258.78
08-Jan-2026 22:00,ATM WITHDRAWAL,RR787177,3652.33,0.0,-3643911.11
09-Jan-2026 08:00,DREAM11-ENTRY,RR160742,975.9,0.0,-3644887.0
09-Jan-2026 18:00,LOCAL WINE STORE,RR392608,3459.51,0.0,-3648346.51
10-Jan-2026 04:00,DREAM11-ENTRY,RR371134,3596.13,0.0,-3651942.64
10-Jan-2026 14:00,FAILED-UPI-REV,RR338532,2788.6,0.0,-3654731.24
11-Jan-2026 00:00,LOCAL WINE STORE,RR499381,4098.72,0.0,-3658829.96
11-Jan-2026 10:00,CASH-OUT-AGENT,RR597104,2646.33,0.0,-3661476.29
11-Jan-2026 20:00,LOCAL WINE STORE,RR799008,2460.65,0.0,-3663936.94
12-Jan-2026 06:00,ATM WITHDRAWAL,RR303995,1120.76,0.0,-3665057.7
12-Jan-2026 16:00,FAILED-UPI-REV,RR911148,224.47,0.0,-3665282.17
13-Jan-2026 02:00,CASH-OUT-AGENT,RR785451,4722.5,0.0,-3670004.67
13-Jan-2026 12:00,LOCAL WINE STORE,RR653308,2146.39,0.0,-3672151.06
13-Jan-2026 22:00,LOCAL WINE STORE,RR171866,3184.84,0.0,-3675335.9
14-Jan-2026 08:00,CASH-OUT-AGENT,RR893157,1636.35,0.0,-3676972.25
14-Jan-2026 18:00,DREAM11-ENTRY,RR645004,2651.43,0.0,-3679623.68
15-Jan-2026 04:00,DREAM11-ENTRY,RR992904,2670.7,0.0,-3682294.37
15-Jan-2026 14:00,DREAM11-ENTRY,RR820566,2926.88,0.0,-3685221.25
16-Jan-2026 00:00,CASH DEPOSIT-CDM,RR399144,0.0,19833.68,-3665387.58
16-Jan-2026 10:00,ATM WITHDRAWAL,RR556336,723.49,0.0,-3666111.07
16-Jan-2026 20:00,ATM WITHDRAWAL,RR679455,2584.7,0.0,-3668695.77
17-Jan-2026 06:00,LOCAL WINE STORE,RR956497,2738.88,0.0,-3671434.65
17-Jan-2026 16:00,FAILED-UPI-REV,RR874827,4519.0,0.0,-3675953.65
18-Jan-2026 02:00,ATM WITHDRAWAL,RR608608,865.43,0.0,-3676819.08
18-Jan-2026 12:00,CASH-OUT-AGENT,RR892071,1674.23,0.0,-3678493.31
18-Jan-2026 22:00,LOCAL WINE STORE,RR300585,1318.74,0.0,-3679812.05
19-Jan-2026 08:00,DREAM11-ENTRY,RR291710,2652.77,0.0,-3682464.82
19-Jan-2026 18:00,ATM WITHDRAWAL,RR632361,4281.01,0.0,-3686745.83
20-Jan-2026 04:00,ATM WITHDRAWAL,RR673159,1293.04,0.0,-3688038.87
20-Jan-2026 14:00,LOCAL WINE STORE,RR626049,3735.92,0.0,-3691774.79
21-Jan-2026 00:00,LOCAL WINE STORE,RR529888,2282.2,0.0,-3694056.99
21-Jan-2026 10:00,LOCAL WINE STORE,RR670409,2373.03,0.0,-3696430.01
21-Jan-2026 20:00,ATM WITHDRAWAL,RR741600,688.25,0.0,-3697118.27
22-Jan-2026 06:00,CASH-OUT-AGENT,RR720795,3254.08,0.0,-3700372.35
22-Jan-2026 16:00,LOCAL WINE STORE,RR269045,2288.8,0.0,-3702661.15
23-Jan-2026 02:00,FAILED-UPI-REV,RR149751,4342.54,0.0,-3707003.68
23-Jan-2026 12:00,DREAM11-ENTRY,RR563541,2227.41,0.0,-3709231.1
23-Jan-2026 22:00,ATM WITHDRAWAL,RR906808,3598.55,0.0,-3712829.65
24-Jan-2026 08:00,LOCAL WINE STORE,RR376977,649.05,0.0,-3713478.7
24-Jan-2026 18:00,FAILED-UPI-REV,RR797741,897.95,0.0,-3714376.65
25-Jan-2026 04:00,LOCAL WINE STORE,RR827540,262.98,0.0,-3714639.63
25-Jan-2026 14:00,ATM WITHDRAWAL,RR563433,3224.49,0.0,-3717864.13
26-Jan-2026 00:00,ATM WITHDRAWAL,RR275611,585.6,0.0,-3718449.73
26-Jan-2026 10:00,LOCAL WINE STORE,RR119925,1098.6,0.0,-3719548.34
26-Jan-2026 20:00,FAILED-UPI-REV,RR685709,2414.75,0.0,-3721963.08
27-Jan-2026 06:00,ATM WITHDRAWAL,RR725149,3264.1,0.0,-3725227.18
27-Jan-2026 16:00,FAILED-UPI-REV,RR888759,2054.77,0.0,-3727281.95
28-Jan-2026 02:00,DREAM11-ENTRY,RR761728,1964.54,0.0,-3729246.49
28-Jan-2026 12:00,CASH-OUT-AGENT,RR950109,2117.18,0.0,-3731363.67
28-Jan-2026 22:00,ATM WITHDRAWAL,RR128176,2740.12,0.0,-3734103.79
29-Jan-2026 08:00,FAILED-UPI-REV,RR222570,2007.1,0.0,-3736110.89
29-Jan-2026 18:00,LOCAL WINE STORE,RR603742,2627.01,0.0,-3738737.9
30-Jan-2026 04:00,LOCAL WINE STORE,RR836467,4271.92,0.0,-3743009.82
30-Jan-2026 14:00,DREAM11-ENTRY,RR769410,3749.98,0.0,-3746759.81
31-Jan-2026 00:00,ATM WITHDRAWAL,RR862890,4320.25,0.0,-3751080.05
31-Jan-2026 10:00,ATM WITHDRAWAL,RR884921,4110.72,0.0,-3755190.78
31-Jan-2026 20:00,FAILED-UPI-REV,RR681909,1206.32,0.0,-3756397.09
01-Feb-2026 06:00,FAILED-UPI-REV,RR160281,3145.85,0.0,-3759542.94
01-Feb-2026 16:00,ATM WITHDRAWAL,RR477088,3507.31,0.0,-3763050.25
02-Feb-2026 02:00,ATM WITHDRAWAL,RR940705,544.36,0.0,-3763594.61
02-Feb-2026 12:00,DREAM11-ENTRY,RR812246,1506.06,0.0,-3765100.67
02-Feb-2026 22:00,ATM WITHDRAWAL,RR930143,2386.77,0.0,-3767487.44
03-Feb-2026 08:00,DREAM11-ENTRY,RR796133,4023.1,0.0,-3771510.54
03-Feb-2026 18:00,DREAM11-ENTRY,RR175339,2451.47,0.0,-3773962.01
04-Feb-2026 04:00,FAILED-UPI-REV,RR497404,3084.77,0.0,-3777046.78
04-Feb-2026 14:00,DREAM11-ENTRY,RR640899,1562.49,0.0,-3778609.27
05-Feb-2026 00:00,CASH-OUT-AGENT,RR109331,308.72,0.0,-3778917.99
05-Feb-2026 10:00,LOCAL WINE STORE,RR663325,346.2,0.0,-3779264.19
05-Feb-2026 20:00,FAILED-UPI-REV,RR427313,2144.06,0.0,-3781408.25
06-Feb-2026 06:00,ATM WITHDRAWAL,RR368769,1582.99,0.0,-3782991.24
06-Feb-2026 16:00,ATM WITHDRAWAL,RR617863,274.9,0.0,-3783266.14
07-Feb-2026 02:00,ATM WITHDRAWAL,RR896400,4732.88,0.0,-3787999.02
07-Feb-2026 12:00,FAILED-UPI-REV,RR402980,3226.98,0.0,-3791226.0
07-Feb-2026 22:00,CASH-OUT-AGENT,RR164637,3964.15,0.0,-3795190.15
08-Feb-2026 08:00,LOCAL WINE STORE,RR503455,3776.29,0.0,-3798966.44
08-Feb-2026 18:00,FAILED-UPI-REV,RR582650,1782.12,0.0,-3800748.56
09-Feb-2026 04:00,CASH-OUT-AGENT,RR886688,2410.99,0.0,-3803159.55
09-Feb-2026 14:00,CASH-OUT-AGENT,RR196731,2827.14,0.0,-3805986.69
10-Feb-2026 00:00,FAILED-UPI-REV,RR876961,4910.15,0.0,-3810896.84
10-Feb-2026 10:00,DREAM11-ENTRY,RR431001,1850.26,0.0,-3812747.1
10-Feb-2026 20:00,FAILED-UPI-REV,RR343908,231.45,0.0,-3812978.55
11-Feb-2026 06:00,ATM WITHDRAWAL,RR154305,4635.95,0.0,-3817614.5
11-Feb-2026 16:00,FAILED-UPI-REV,RR425887,3588.84,0.0,-3821203.35
12-Feb-2026 02:00,CASH-OUT-AGENT,RR708113,4682.82,0.0,-3825886.17
12-Feb-2026 12:00,DREAM11-ENTRY,RR689419,3777.59,0.0,-3829663.75
12-Feb-2026 22:00,DREAM11-ENTRY,RR484320,3901.24,0.0,-3833564.99
13-Feb-2026 08:00,ATM WITHDRAWAL,RR398837,3974.48,0.0,-3837539.47
13-Feb-2026 18:00,ATM WITHDRAWAL,RR701073,1689.52,0.0,-3839228.99
14-Feb-2026 04:00,DREAM11-ENTRY,RR232448,3351.92,0.0,-3842580.91
14-Feb-2026 14:00,FAILED-UPI-REV,RR166553,2214.68,0.0,-3844795.59
15-Feb-2026 00:00,CASH-OUT-AGENT,RR229458,3626.67,0.0,-3848422.26
15-Feb-2026 10:00,LOCAL WINE STORE,RR894593,1368.97,0.0,-3849791.23
15-Feb-2026 20:00,CASH-OUT-AGENT,RR594290,4934.49,0.0,-3854725.73
16-Feb-2026 06:00,FAILED-UPI-REV,RR930668,904.13,0.0,-3855629.85
16-Feb-2026 16:00,ATM WITHDRAWAL,RR205078,3891.72,0.0,-3859521.57
17-Feb-2026 02:00,LOCAL WINE STORE,RR159564,1537.72,0.0,-3861059.29
17-Feb-2026 12:00,ATM WITHDRAWAL,RR994860,3870.79,0.0,-3864930.09
17-Feb-2026 22:00,FAILED-UPI-REV,RR103642,1094.81,0.0,-3866024.89
18-Feb-2026 08:00,DREAM11-ENTRY,RR464240,3632.48,0.0,-3869657.37
18-Feb-2026 18:00,FAILED-UPI-REV,RR466716,4167.01,0.0,-3873824.38
19-Feb-2026 04:00,DREAM11-ENTRY,RR948284,4780.12,0.0,-3878604.5
19-Feb-2026 14:00,ATM WITHDRAWAL,RR321266,4809.03,0.0,-3883413.53
20-Feb-2026 00:00,DREAM11-ENTRY,RR309517,4864.28,0.0,-3888277.81
20-Feb-2026 10:00,FAILED-UPI-REV,RR202159,2812.12,0.0,-3891089.93
20-Feb-2026 20:00,DREAM11-ENTRY,RR115644,3346.33,0.0,-3894436.26
21-Feb-2026 06:00,FAILED-UPI-REV,RR238121,2274.13,0.0,-3896710.39
21-Feb-2026 16:00,DREAM11-ENTRY,RR912302,4929.57,0.0,-3901639.96
22-Feb-2026 02:00,DREAM11-ENTRY,RR400652,4370.32,0.0,-3906010.28
22-Feb-2026 12:00,FAILED-UPI-REV,RR756667,3075.12,0.0,-3909085.4
22-Feb-2026 22:00,LOCAL WINE STORE,RR253052,4255.51,0.0,-3913340.91
23-Feb-2026 08:00,CASH-OUT-AGENT,RR736591,4078.02,0.0,-3917418.94
23-Feb-2026 18:00,ATM WITHDRAWAL,RR538979,931.75,0.0,-3918350.69
24-Feb-2026 04:00,CASH-OUT-AGENT,RR467401,634.58,0.0,-3918985.27
24-Feb-2026 14:00,LOCAL WINE STORE,RR842309,1877.96,0.0,-3920863.23
25-Feb-2026 00:00,DREAM11-ENTRY,RR231028,2328.73,0.0,-3923191.96
25-Feb-2026 10:00,ATM WITHDRAWAL,RR247052,2102.1,0.0,-3925294.06
25-Feb-2026 20:00,LOCAL WINE STORE,RR736910,2819.2,0.0,-3928113.26
26-Feb-2026 06:00,DREAM11-ENTRY,RR450618,4505.84,0.0,-3932619.1
26-Feb-2026 16:00,CASH-OUT-AGENT,RR163546,4940.6,0.0,-3937559.69
27-Feb-2026 02:00,LOCAL WINE STORE,RR289206,1825.58,0.0,-3939385.27
27-Feb-2026 12:00,DREAM11-ENTRY,RR746239,2392.46,0.0,-3941777.73
27-Feb-2026 22:00,DREAM11-ENTRY,RR648304,4016.42,0.0,-3945794.15
28-Feb-2026 08:00,DREAM11-ENTRY,RR894888,126.07,0.0,-3945920.22
28-Feb-2026 18:00,LOCAL WINE STORE,RR589203,4234.36,0.0,-3950154.57
01-Mar-2026 04:00,LOCAL WINE STORE,RR406197,3354.46,0.0,-3953509.03
01-Mar-2026 14:00,FAILED-UPI-REV,RR825357,2166.1,0.0,-3955675.13
02-Mar-2026 00:00,DREAM11-ENTRY,RR904131,2887.54,0.0,-3958562.67
02-Mar-2026 10:00,DREAM11-ENTRY,RR717365,403.85,0.0,-3958966.53
02-Mar-2026 20:00,FAILED-UPI-REV,RR414054,420.26,0.0,-3959386.79
03-Mar-2026 06:00,CASH-OUT-AGENT,RR933214,1295.84,0.0,-3960682.63
03-Mar-2026 16:00,CASH-OUT-AGENT,RR253393,1983.61,0.0,-3962666.24
04-Mar-2026 02:00,CASH-OUT-AGENT,RR875468,360.59,0.0,-3963026.83
04-Mar-2026 12:00,CASH-OUT-AGENT,RR383341,555.58,0.0,-3963582.41
04-Mar-2026 22:00,ATM WITHDRAWAL,RR794900,961.63,0.0,-3964544.04
05-Mar-2026 08:00,DREAM11-ENTRY,RR596336,1937.12,0.0,-3966481.16
05-Mar-2026 18:00,FAILED-UPI-REV,RR538898,4404.3,0.0,-3970885.45
06-Mar-2026 04:00,FAILED-UPI-REV,RR581402,2236.37,0.0,-3973121.82
06-Mar-2026 14:00,DREAM11-ENTRY,RR488948,113.0,0.0,-3973234.82
07-Mar-2026 00:00,ATM WITHDRAWAL,RR359283,1672.16,0.0,-3974906.99
07-Mar-2026 10:00,ATM WITHDRAWAL,RR909698,3910.83,0.0,-3978817.82
07-Mar-2026 20:00,LOCAL WINE STORE,RR360453,4744.7,0.0,-3983562.52
08-Mar-2026 06:00,CASH-OUT-AGENT,RR786156,3972.45,0.0,-3987534.98
08-Mar-2026 16:00,FAILED-UPI-REV,RR312650,3017.8,0.0,-3990552.78
09-Mar-2026 02:00,ATM WITHDRAWAL,RR230953,2079.88,0.0,-3992632.66
09-Mar-2026 12:00,CASH-OUT-AGENT,RR583860,302.52,0.0,-3992935.18
09-Mar-2026 22:00,LOCAL WINE STORE,RR408473,4500.32,0.0,-3997435.5
10-Mar-2026 08:00,DREAM11-ENTRY,RR833633,4019.22,0.0,-4001454.71
10-Mar-2026 18:00,DREAM11-ENTRY,RR219173,1579.45,0.0,-4003034.17
11-Mar-2026 04:00,ATM WITHDRAWAL,RR129493,3294.06,0.0,-4006328.23
11-Mar-2026 14:00,ATM WITHDRAWAL,RR549391,174.12,0.0,-4006502.35
12-Mar-2026 00:00,CASH-OUT-AGENT,RR612380,589.92,0.0,-4007092.26
12-Mar-2026 10:00,DREAM11-ENTRY,RR309777,1931.69,0.0,-4009023.95
12-Mar-2026 20:00,LOCAL WINE STORE,RR980174,4121.94,0.0,-4013145.89
13-Mar-2026 06:00,CASH-OUT-AGENT,RR140541,4561.15,0.0,-4017707.05
13-Mar-2026 16:00,DREAM11-ENTRY,RR939514,927.63,0.0,-4018634.67
14-Mar-2026 02:00,ATM WITHDRAWAL,RR327440,3108.24,0.0,-4021742.91
14-Mar-2026 12:00,CASH-OUT-AGENT,RR952850,3773.06,0.0,-4025515.97
14-Mar-2026 22:00,LOCAL WINE STORE,RR493008,741.36,0.0,-4026257.33
15-Mar-2026 08:00,LOCAL WINE STORE,RR794020,835.95,0.0,-4027093.28
15-Mar-2026 18:00,CASH-OUT-AGENT,RR397850,1672.81,0.0,-4028766.09
16-Mar-2026 04:00,CASH-OUT-AGENT,RR366823,1285.27,0.0,-4030051.36
16-Mar-2026 14:00,FAILED-UPI-REV,RR427490,3495.26,0.0,-4033546.62
17-Mar-2026 00:00,ATM WITHDRAWAL,RR742830,2899.62,0.0,-4036446.24
17-Mar-2026 10:00,DREAM11-ENTRY,RR318426,3197.04,0.0,-4039643.27
17-Mar-2026 20:00,DREAM11-ENTRY,RR881214,3717.33,0.0,-4043360.6
18-Mar-2026 06:00,LOCAL WINE STORE,RR542288,4202.63,0.0,-4047563.23
18-Mar-2026 16:00,CASH-OUT-AGENT,RR245028,1957.19,0.0,-4049520.42
19-Mar-2026 02:00,DREAM11-ENTRY,RR591781,2535.47,0.0,-4052055.89
19-Mar-2026 12:00,CASH-OUT-AGENT,RR585738,749.21,0.0,-4052805.1
19-Mar-2026 22:00,DREAM11-ENTRY,RR949679,4387.34,0.0,-4057192.44
20-Mar-2026 08:00,LOCAL WINE STORE,RR800760,2059.08,0.0,-4059251.51
20-Mar-2026 18:00,LOCAL WINE STORE,RR768039,1452.87,0.0,-4060704.38
21-Mar-2026 04:00,CASH-OUT-AGENT,RR781407,2782.55,0.0,-4063486.93
21-Mar-2026 14:00,FAILED-UPI-REV,RR469934,3987.76,0.0,-4067474.69
22-Mar-2026 00:00,DREAM11-ENTRY,RR476828,4324.88,0.0,-4071799.57
22-Mar-2026 10:00,FAILED-UPI-REV,RR917572,3093.35,0.0,-4074892.92
22-Mar-2026 20:00,DREAM11-ENTRY,RR901226,1491.45,0.0,-4076384.37
23-Mar-2026 06:00,LOCAL WINE STORE,RR198759,2463.09,0.0,-4078847.46
23-Mar-2026 16:00,DREAM11-ENTRY,RR389718,4585.85,0.0,-4083433.31
24-Mar-2026 02:00,DREAM11-ENTRY,RR934763,2906.36,0.0,-4086339.67
24-Mar-2026 12:00,LOCAL WINE STORE,RR110673,1044.9,0.0,-4087384.57
24-Mar-2026 22:00,FAILED-UPI-REV,RR757062,2191.14,0.0,-4089575.71
25-Mar-2026 08:00,LOCAL WINE STORE,RR394912,1660.29,0.0,-4091236.0
25-Mar-2026 18:00,ATM WITHDRAWAL,RR879947,4803.72,0.0,-4096039.72
26-Mar-2026 04:00,CASH-OUT-AGENT,RR758315,280.89,0.0,-4096320.62
26-Mar-2026 14:00,CASH-OUT-AGENT,RR821662,310.36,0.0,-4096630.98
27-Mar-2026 00:00,LOCAL WINE STORE,RR865129,4176.91,0.0,-4100807.88
27-Mar-2026 10:00,ATM WITHDRAWAL,RR773471,2521.34,0.0,-4103329.22
27-Mar-2026 20:00,FAILED-UPI-REV,RR780380,1236.1,0.0,-4104565.33
28-Mar-2026 06:00,DREAM11-ENTRY,RR781587,4441.48,0.0,-4109006.81
28-Mar-2026 16:00,DREAM11-ENTRY,RR192107,1947.3,0.0,-4110954.11
29-Mar-2026 02:00,ATM WITHDRAWAL,RR445980,1900.03,0.0,-4112854.14
29-Mar-2026 12:00,CASH-OUT-AGENT,RR801352,2015.07,0.0,-4114869.21
29-Mar-2026 22:00,FAILED-UPI-REV,RR343637,2679.39,0.0,-4117548.6
30-Mar-2026 08:00,DREAM11-ENTRY,RR828243,1711.13,0.0,-4119259.73
30-Mar-2026 18:00,ATM WITHDRAWAL,RR151942,4939.49,0.0,-4124199.22
31-Mar-2026 04:00,ATM WITHDRAWAL,RR595282,4967.07,0.0,-4129166.3
31-Mar-2026 14:00,DREAM11-ENTRY,RR406262,1453.84,0.0,-4130620.13
01-Apr-2026 00:00,LOCAL WINE STORE,RR203575,1516.78,0.0,-4132136.91
01-Apr-2026 10:00,FAILED-UPI-REV,RR554277,2408.23,0.0,-4134545.13
01-Apr-2026 20:00,FAILED-UPI-REV,RR643699,4752.79,0.0,-4139297.92
02-Apr-2026 06:00,DREAM11-ENTRY,RR997985,809.6,0.0,-4140107.52
02-Apr-2026 16:00,LOCAL WINE STORE,RR708129,511.37,0.0,-4140618.89
03-Apr-2026 02:00,DREAM11-ENTRY,RR816887,354.64,0.0,-4140973.53
03-Apr-2026 12:00,ATM WITHDRAWAL,RR707008,3927.8,0.0,-4144901.32
03-Apr-2026 22:00,CASH-OUT-AGENT,RR461591,948.52,0.0,-4145849.84
04-Apr-2026 08:00,LOCAL WINE STORE,RR537515,4944.81,0.0,-4150794.65
04-Apr-2026 18:00,DREAM11-ENTRY,RR556566,134.87,0.0,-4150929.52
05-Apr-2026 04:00,FAILED-UPI-REV,RR278426,2369.58,0.0,-4153299.1
05-Apr-2026 14:00,LOCAL WINE STORE,RR762854,4921.01,0.0,-4158220.11
06-Apr-2026 00:00,CASH-OUT-AGENT,RR485242,2733.26,0.0,-4160953.37
06-Apr-2026 10:00,CASH-OUT-AGENT,RR803962,4458.17,0.0,-4165411.54
06-Apr-2026 20:00,ATM WITHDRAWAL,RR351961,443.92,0.0,-4165855.46
07-Apr-2026 06:00,CASH-OUT-AGENT,RR788339,4719.35,0.0,-4170574.81
07-Apr-2026 16:00,LOCAL WINE STORE,RR792343,2893.63,0.0,-4173468.44
08-Apr-2026 02:00,FAILED-UPI-REV,RR423373,4416.94,0.0,-4177885.38
08-Apr-2026 12:00,ATM WITHDRAWAL,RR855911,4766.91,0.0,-4182652.29
08-Apr-2026 22:00,ATM WITHDRAWAL,RR378196,2668.02,0.0,-4185320.32
09-Apr-2026 08:00,LOCAL WINE STORE,RR339178,2790.73,0.0,-4188111.04
09-Apr-2026 18:00,DREAM11-ENTRY,RR228538,4965.24,0.0,-4193076.28
10-Apr-2026 04:00,CASH-OUT-AGENT,RR561348,4954.81,0.0,-4198031.09
10-Apr-2026 14:00,FAILED-UPI-REV,RR694757,3402.58,0.0,-4201433.67
11-Apr-2026 00:00,ATM WITHDRAWAL,RR224482,3891.26,0.0,-4205324.94
11-Apr-2026 10:00,LOCAL WINE STORE,RR414419,4976.0,0.0,-4210300.94
11-Apr-2026 20:00,DREAM11-ENTRY,RR569674,4474.11,0.0,-4214775.05
12-Apr-2026 06:00,FAILED-UPI-REV,RR395660,4652.1,0.0,-4219427.15
12-Apr-2026 16:00,DREAM11-ENTRY,RR598429,2189.38,0.0,-4221616.53
13-Apr-2026 02:00,LOCAL WINE STORE,RR992503,879.14,0.0,-4222495.67
13-Apr-2026 12:00,ATM WITHDRAWAL,RR268421,144.48,0.0,-4222640.16
13-Apr-2026 22:00,CASH-OUT-AGENT,RR963841,3937.98,0.0,-4226578.14
14-Apr-2026 08:00,ATM WITHDRAWAL,RR144532,1829.41,0.0,-4228407.55
14-Apr-2026 18:00,ATM WITHDRAWAL,RR263109,978.13,0.0,-4229385.67
15-Apr-2026 04:00,ATM WITHDRAWAL,RR964786,2074.78,0.0,-4231460.45
15-Apr-2026 14:00,DREAM11-ENTRY,RR794257,3999.81,0.0,-4235460.26
16-Apr-2026 00:00,ATM WITHDRAWAL,RR712690,4728.19,0.0,-4240188.44
16-Apr-2026 10:00,FAILED-UPI-REV,RR878187,358.53,0.0,-4240546.97
16-Apr-2026 20:00,DREAM11-ENTRY,RR151005,3063.75,0.0,-4243610.72
17-Apr-2026 06:00,ATM WITHDRAWAL,RR520264,870.93,0.0,-4244481.65
17-Apr-2026 16:00,FAILED-UPI-REV,RR896977,4759.1,0.0,-4249240.75
18-Apr-2026 02:00,FAILED-UPI-REV,RR653172,200.64,0.0,-4249441.39
18-Apr-2026 12:00,CASH-OUT-AGENT,RR207420,2820.57,0.0,-4252261.97
18-Apr-2026 22:00,DREAM11-ENTRY,RR540712,462.56,0.0,-4252724.53
19-Apr-2026 08:00,LOCAL WINE STORE,RR759233,2516.12,0.0,-4255240.65
19-Apr-2026 18:00,ATM WITHDRAWAL,RR364075,3000.37,0.0,-4258241.02
20-Apr-2026 04:00,FAILED-UPI-REV,RR406899,4469.0,0.0,-4262710.02
20-Apr-2026 14:00,CASH-OUT-AGENT,RR294053,2819.9,0.0,-4265529.92
21-Apr-2026 00:00,FAILED-UPI-REV,RR311789,228.84,0.0,-4265758.76
21-Apr-2026 10:00,FAILED-UPI-REV,RR140534,4633.68,0.0,-4270392.44
21-Apr-2026 20:00,CASH-OUT-AGENT,RR338120,2387.31,0.0,-4272779.75
22-Apr-2026 06:00,CASH-OUT-AGENT,RR941036,3751.55,0.0,-4276531.3
22-Apr-2026 16:00,ATM WITHDRAWAL,RR360694,3474.42,0.0,-4280005.72
23-Apr-2026 02:00,DREAM11-ENTRY,RR640968,317.43,0.0,-4280323.15
23-Apr-2026 12:00,ATM WITHDRAWAL,RR740308,2496.88,0.0,-4282820.04
23-Apr-2026 22:00,CASH-OUT-AGENT,RR468721,3111.29,0.0,-4285931.32
24-Apr-2026 08:00,DREAM11-ENTRY,RR130278,281.55,0.0,-4286212.87
24-Apr-2026 18:00,CASH-OUT-AGENT,RR452510,2901.25,0.0,-4289114.13
25-Apr-2026 04:00,LOCAL WINE STORE,RR451014,1896.25,0.0,-4291010.38
25-Apr-2026 14:00,CASH-OUT-AGENT,RR957127,2959.56,0.0,-4293969.94
26-Apr-2026 00:00,FAILED-UPI-REV,RR123387,127.24,0.0,-4294097.19
26-Apr-2026 10:00,CASH-OUT-AGENT,RR411955,4410.52,0.0,-4298507.7
26-Apr-2026 20:00,CASH-OUT-AGENT,RR411226,4006.7,0.0,-4302514.41
27-Apr-2026 06:00,ATM WITHDRAWAL,RR711886,597.43,0.0,-4303111.84
27-Apr-2026 16:00,FAILED-UPI-REV,RR932236,4821.43,0.0,-4307933.27
28-Apr-2026 02:00,FAILED-UPI-REV,RR616537,3850.58,0.0,-4311783.85
28-Apr-2026 12:00,CASH-OUT-AGENT,RR844355,1521.34,0.0,-4313305.19
28-Apr-2026 22:00,DREAM11-ENTRY,RR532409,3558.29,0.0,-4316863.49
29-Apr-2026 08:00,FAILED-UPI-REV,RR974948,3022.66,0.0,-4319886.15
29-Apr-2026 18:00,ATM WITHDRAWAL,RR500299,3612.81,0.0,-4323498.95
30-Apr-2026 04:00,CASH DEPOSIT-CDM,RR722361,0.0,16427.54,-4307071.41
30-Apr-2026 14:00,ATM WITHDRAWAL,RR838911,610.55,0.0,-4307681.96
01-May-2026 00:00,DREAM11-ENTRY,RR621480,1169.23,0.0,-4308851.19
01-May-2026 10:00,CASH-OUT-AGENT,RR732198,1603.03,0.0,-4310454.22
01-May-2026 20:00,CASH-OUT-AGENT,RR390841,3960.91,0.0,-4314415.13
02-May-2026 06:00,DREAM11-ENTRY,RR824203,2917.19,0.0,-4317332.32
02-May-2026 16:00,FAILED-UPI-REV,RR141602,1672.56,0.0,-4319004.88
03-May-2026 02:00,ATM WITHDRAWAL,RR698387,3858.12,0.0,-4322863.0
03-May-2026 12:00,FAILED-UPI-REV,RR649230,2098.02,0.0,-4324961.01
03-May-2026 22:00,CASH-OUT-AGENT,RR810442,2997.17,0.0,-4327958.19
04-May-2026 08:00,FAILED-UPI-REV,RR506505,661.56,0.0,-4328619.75
04-May-2026 18:00,CASH-OUT-AGENT,RR438742,3163.37,0.0,-4331783.12
05-May-2026 04:00,CASH-OUT-AGENT,RR779654,2769.73,0.0,-4334552.85
05-May-2026 14:00,DREAM11-ENTRY,RR487525,1652.72,0.0,-4336205.57
06-May-2026 00:00,FAILED-UPI-REV,RR384236,4639.68,0.0,-4340845.26
06-May-2026 10:00,FAILED-UPI-REV,RR980725,3625.51,0.0,-4344470.77
06-May-2026 20:00,LOCAL WINE STORE,RR793059,3727.15,0.0,-4348197.92
07-May-2026 06:00,FAILED-UPI-REV,RR534801,2696.04,0.0,-4350893.96
07-May-2026 16:00,LOCAL WINE STORE,RR829137,1087.83,0.0,-4351981.79
08-May-2026 02:00,DREAM11-ENTRY,RR538716,4700.19,0.0,-4356681.98
08-May-2026 12:00,DREAM11-ENTRY,RR673368,4316.15,0.0,-4360998.13
08-May-2026 22:00,ATM WITHDRAWAL,RR113910,4749.46,0.0,-4365747.59
09-May-2026 08:00,LOCAL WINE STORE,RR124530,3765.49,0.0,-4369513.07
09-May-2026 18:00,CASH-OUT-AGENT,RR570289,484.83,0.0,-4369997.91
10-May-2026 04:00,DREAM11-ENTRY,RR211126,125.22,0.0,-4370123.13
10-May-2026 14:00,CASH-OUT-AGENT,RR930319,349.12,0.0,-4370472.25
11-May-2026 00:00,FAILED-UPI-REV,RR299619,3117.36,0.0,-4373589.61
11-May-2026 10:00,CASH-OUT-AGENT,RR127706,4100.11,0.0,-4377689.72
11-May-2026 20:00,ATM WITHDRAWAL,RR431502,2854.97,0.0,-4380544.69
12-May-2026 06:00,FAILED-UPI-REV,RR196472,690.18,0.0,-4381234.88
12-May-2026 16:00,LOCAL WINE STORE,RR904907,383.69,0.0,-4381618.57
13-May-2026 02:00,LOCAL WINE STORE,RR830031,4360.57,0.0,-4385979.13
13-May-2026 12:00,DREAM11-ENTRY,RR591561,368.04,0.0,-4386347.17
13-May-2026 22:00,LOCAL WINE STORE,RR430025,4736.31,0.0,-4391083.48
14-May-2026 08:00,CASH-OUT-AGENT,RR749020,1685.48,0.0,-4392768.96
14-May-2026 18:00,LOCAL WINE STORE,RR110380,3324.39,0.0,-4396093.35
15-May-2026 04:00,ATM WITHDRAWAL,RR959585,2284.55,0.0,-4398377.89
15-May-2026 14:00,LOCAL WINE STORE,RR329965,3172.54,0.0,-4401550.43
16-May-2026 00:00,ATM WITHDRAWAL,RR658343,249.49,0.0,-4401799.92
16-May-2026 10:00,DREAM11-ENTRY,RR951536,1062.72,0.0,-4402862.65
16-May-2026 20:00,DREAM11-ENTRY,RR390817,877.9,0.0,-4403740.55
17-May-2026 06:00,CASH-OUT-AGENT,RR561944,3515.89,0.0,-4407256.44
17-May-2026 16:00,DREAM11-ENTRY,RR792536,377.17,0.0,-4407633.61
18-May-2026 02:00,LOCAL WINE STORE,RR831466,2126.94,0.0,-4409760.55
18-May-2026 12:00,CASH-OUT-AGENT,RR435961,4693.47,0.0,-4414454.01
18-May-2026 22:00,LOCAL WINE STORE,RR920702,3465.25,0.0,-4417919.26
19-May-2026 08:00,CASH-OUT-AGENT,RR909326,3535.55,0.0,-4421454.81
19-May-2026 18:00,FAILED-UPI-REV,RR747163,2564.38,0.0,-4424019.19
20-May-2026 04:00,DREAM11-ENTRY,RR431379,662.82,0.0,-4424682.01
20-May-2026 14:00,ATM WITHDRAWAL,RR216576,1436.19,0.0,-4426118.2
21-May-2026 00:00,LOCAL WINE STORE,RR671007,4864.71,0.0,-4430982.91
21-May-2026 10:00,FAILED-UPI-REV,RR557878,600.93,0.0,-4431583.84
21-May-2026 20:00,CASH-OUT-AGENT,RR269456,2001.63,0.0,-4433585.46
22-May-2026 06:00,DREAM11-ENTRY,RR149334,2071.18,0.0,-4435656.64
22-May-2026 16:00,FAILED-UPI-REV,RR478353,1478.55,0.0,-4437135.19
23-May-2026 02:00,FAILED-UPI-REV,RR547579,1208.71,0.0,-4438343.9
23-May-2026 12:00,CASH-OUT-AGENT,RR105306,4600.74,0.0,-4442944.64
23-May-2026 22:00,DREAM11-ENTRY,RR520012,3976.17,0.0,-4446920.82
24-May-2026 08:00,ATM WITHDRAWAL,RR832417,499.38,0.0,-4447420.2
24-May-2026 18:00,CASH-OUT-AGENT,RR776747,4913.51,0.0,-4452333.71
25-May-2026 04:00,FAILED-UPI-REV,RR622534,2072.43,0.0,-4454406.13
25-May-2026 14:00,DREAM11-ENTRY,RR433099,2226.88,0.0,-4456633.01
26-May-2026 00:00,DREAM11-ENTRY,RR589858,190.86,0.0,-4456823.87
26-May-2026 10:00,ATM WITHDRAWAL,RR247744,3258.32,0.0,-4460082.19
26-May-2026 20:00,CASH-OUT-AGENT,RR976200,2135.07,0.0,-4462217.26
27-May-2026 06:00,ATM WITHDRAWAL,RR703033,4963.88,0.0,-4467181.14
27-May-2026 16:00,LOCAL WINE STORE,RR180269,900.85,0.0,-4468081.99
28-May-2026 02:00,FAILED-UPI-REV,RR702797,4213.23,0.0,-4472295.22
28-May-2026 12:00,CASH-OUT-AGENT,RR268487,1747.0,0.0,-4474042.22
28-May-2026 22:00,DREAM11-ENTRY,RR215575,183.48,0.0,-4474225.7
29-May-2026 08:00,DREAM11-ENTRY,RR960435,3025.62,0.0,-4477251.32
29-May-2026 18:00,ATM WITHDRAWAL,RR296069,742.31,0.0,-4477993.63
30-May-2026 04:00,FAILED-UPI-REV,RR201577,1003.56,0.0,-4478997.19
30-May-2026 14:00,LOCAL WINE STORE,RR221097,1712.25,0.0,-4480709.44
31-May-2026 00:00,CASH-OUT-AGENT,RR627198,1413.03,0.0,-4482122.47
31-May-2026 10:00,ATM WITHDRAWAL,RR297158,265.38,0.0,-4482387.84
31-May-2026 20:00,LOCAL WINE STORE,RR378224,1966.95,0.0,-4484354.79
01-Jun-2026 06:00,ATM WITHDRAWAL,RR970196,4987.67,0.0,-4489342.47
01-Jun-2026 16:00,FAILED-UPI-REV,RR254863,3461.49,0.0,-4492803.96
02-Jun-2026 02:00,ATM WITHDRAWAL,RR651174,3285.62,0.0,-4496089.58
02-Jun-2026 12:00,LOCAL WINE STORE,RR704098,337.26,0.0,-4496426.83
02-Jun-2026 22:00,ATM WITHDRAWAL,RR422599,4802.9,0.0,-4501229.73
03-Jun-2026 08:00,DREAM11-ENTRY,RR450837,966.62,0.0,-4502196.35
03-Jun-2026 18:00,CASH-OUT-AGENT,RR787874,733.07,0.0,-4502929.41
04-Jun-2026 04:00,DREAM11-ENTRY,RR673917,4356.94,0.0,-4507286.36
04-Jun-2026 14:00,DREAM11-ENTRY,RR994409,1311.99,0.0,-4508598.34
05-Jun-2026 00:00,DREAM11-ENTRY,RR777947,4878.71,0.0,-4513477.06
05-Jun-2026 10:00,ATM WITHDRAWAL,RR140603,1361.5,0.0,-4514838.56
05-Jun-2026 20:00,LOCAL WINE STORE,RR659161,3975.72,0.0,-4518814.28
06-Jun-2026 06:00,ATM WITHDRAWAL,RR894881,3167.55,0.0,-4521981.82
06-Jun-2026 16:00,ATM WITHDRAWAL,RR131327,4647.25,0.0,-4526629.07
07-Jun-2026 02:00,LOCAL WINE STORE,RR516503,1559.52,0.0,-4528188.59
07-Jun-2026 12:00,ATM WITHDRAWAL,RR266966,4562.93,0.0,-4532751.53
07-Jun-2026 22:00,ATM WITHDRAWAL,RR191932,3252.72,0.0,-4536004.25
08-Jun-2026 08:00,FAILED-UPI-REV,RR902674,1445.42,0.0,-4537449.67
08-Jun-2026 18:00,CASH-OUT-AGENT,RR216923,3093.11,0.0,-4540542.78
09-Jun-2026 04:00,DREAM11-ENTRY,RR658110,689.88,0.0,-4541232.66
09-Jun-2026 14:00,LOCAL WINE STORE,RR110531,2169.32,0.0,-4543401.97
10-Jun-2026 00:00,FAILED-UPI-REV,RR241630,951.22,0.0,-4544353.19
10-Jun-2026 10:00,LOCAL WINE STORE,RR456973,3225.77,0.0,-4547578.97
10-Jun-2026 20:00,LOCAL WINE STORE,RR442371,2044.66,0.0,-4549623.63
11-Jun-2026 06:00,DREAM11-ENTRY,RR717519,1152.22,0.0,-4550775.85
11-Jun-2026 16:00,ATM WITHDRAWAL,RR989633,3265.5,0.0,-4554041.34
12-Jun-2026 02:00,CASH-OUT-AGENT,RR573532,3562.14,0.0,-4557603.49
12-Jun-2026 12:00,DREAM11-ENTRY,RR243213,2580.38,0.0,-4560183.86
12-Jun-2026 22:00,FAILED-UPI-REV,RR965463,2274.5,0.0,-4562458.37
13-Jun-2026 08:00,LOCAL WINE STORE,RR210740,525.52,0.0,-4562983.89
13-Jun-2026 18:00,FAILED-UPI-REV,RR657124,1551.44,0.0,-4564535.33
14-Jun-2026 04:00,DREAM11-ENTRY,RR934455,4565.75,0.0,-4569101.08
14-Jun-2026 14:00,ATM WITHDRAWAL,RR774086,4134.8,0.0,-4573235.88
15-Jun-2026 00:00,LOCAL WINE STORE,RR735842,2971.51,0.0,-4576207.4
15-Jun-2026 10:00,ATM WITHDRAWAL,RR927817,4594.78,0.0,-4580802.18
15-Jun-2026 20:00,ATM WITHDRAWAL,RR264061,667.03,0.0,-4581469.21
16-Jun-2026 06:00,CASH-OUT-AGENT,RR821502,2661.01,0.0,-4584130.22
16-Jun-2026 16:00,ATM WITHDRAWAL,RR210923,4458.66,0.0,-4588588.88
17-Jun-2026 02:00,CASH-OUT-AGENT,RR837441,4338.32,0.0,-4592927.2
17-Jun-2026 12:00,DREAM11-ENTRY,RR427384,3791.77,0.0,-4596718.97
17-Jun-2026 22:00,DREAM11-ENTRY,RR813904,1912.2,0.0,-4598631.17
18-Jun-2026 08:00,DREAM11-ENTRY,RR333112,1746.95,0.0,-4600378.12
18-Jun-2026 18:00,ATM WITHDRAWAL,RR460867,1492.32,0.0,-4601870.44
19-Jun-2026 04:00,ATM WITHDRAWAL,RR135491,4339.85,0.0,-4606210.29
19-Jun-2026 14:00,LOCAL WINE STORE,RR365703,3781.74,0.0,-4609992.03
20-Jun-2026 00:00,CASH-OUT-AGENT,RR219965,3937.05,0.0,-4613929.08
20-Jun-2026 10:00,CASH-OUT-AGENT,RR926297,1310.83,0.0,-4615239.9
20-Jun-2026 20:00,ATM WITHDRAWAL,RR967957,2618.5,0.0,-4617858.41
21-Jun-2026 06:00,CASH-OUT-AGENT,RR145022,2503.53,0.0,-4620361.93
21-Jun-2026 16:00,FAILED-UPI-REV,RR996975,2869.17,0.0,-4623231.1
22-Jun-2026 02:00,DREAM11-ENTRY,RR289368,1454.84,0.0,-4624685.95
22-Jun-2026 12:00,FAILED-UPI-REV,RR634265,3231.65,0.0,-4627917.6
22-Jun-2026 22:00,ATM WITHDRAWAL,RR201164,880.49,0.0,-4628798.09
23-Jun-2026 08:00,DREAM11-ENTRY,RR107175,871.5,0.0,-4629669.58
23-Jun-2026 18:00,LOCAL WINE STORE,RR672495,3421.93,0.0,-4633091.52
24-Jun-2026 04:00,CASH-OUT-AGENT,RR437072,3333.44,0.0,-4636424.96
24-Jun-2026 14:00,LOCAL WINE STORE,RR684781,1956.79,0.0,-4638381.75
25-Jun-2026 00:00,FAILED-UPI-REV,RR943632,2126.37,0.0,-4640508.12
25-Jun-2026 10:00,FAILED-UPI-REV,RR833448,259.72,0.0,-4640767.83
25-Jun-2026 20:00,ATM WITHDRAWAL,RR560647,4700.79,0.0,-4645468.62
26-Jun-2026 06:00,CASH-OUT-AGENT,RR326389,2140.96,0.0,-4647609.58
26-Jun-2026 16:00,ATM WITHDRAWAL,RR647545,3998.3,0.0,-4651607.89
27-Jun-2026 02:00,FAILED-UPI-REV,RR366716,904.24,0.0,-4652512.12
27-Jun-2026 12:00,FAILED-UPI-REV,RR594148,4653.47,0.0,-4657165.59
27-Jun-2026 22:00,FAILED-UPI-REV,RR724587,4188.42,0.0,-4661354.01
28-Jun-2026 08:00,FAILED-UPI-REV,RR445046,2026.37,0.0,-4663380.38
28-Jun-2026 18:00,FAILED-UPI-REV,RR421841,196.65,0.0,-4663577.03
29-Jun-2026 04:00,ATM WITHDRAWAL,RR970993,903.54,0.0,-4664480.57
29-Jun-2026 14:00,ATM WITHDRAWAL,RR174675,4628.4,0.0,-4669108.96
30-Jun-2026 00:00,ATM WITHDRAWAL,RR179035,3063.81,0.0,-4672172.78
30-Jun-2026 10:00,FAILED-UPI-REV,RR265265,4961.44,0.0,-4677134.22
30-Jun-2026 20:00,CASH-OUT-AGENT,RR754322,3728.63,0.0,-4680862.85
01-Jul-2026 06:00,CASH-OUT-AGENT,RR385366,3620.11,0.0,-4684482.96
01-Jul-2026 16:00,DREAM11-ENTRY,RR320703,324.03,0.0,-4684806.98
02-Jul-2026 02:00,ATM WITHDRAWAL,RR574260,1720.01,0.0,-4686526.99
02-Jul-2026 12:00,FAILED-UPI-REV,RR844004,1417.12,0.0,-4687944.12
02-Jul-2026 22:00,ATM WITHDRAWAL,RR835015,4100.1,0.0,-4692044.21
03-Jul-2026 08:00,DREAM11-ENTRY,RR510254,3615.64,0.0,-4695659.86
03-Jul-2026 18:00,FAILED-UPI-REV,RR990402,680.77,0.0,-4696340.62
04-Jul-2026 04:00,FAILED-UPI-REV,RR654753,2573.53,0.0,-4698914.15
04-Jul-2026 14:00,ATM WITHDRAWAL,RR304497,4396.73,0.0,-4703310.89
05-Jul-2026 00:00,LOCAL WINE STORE,RR175453,3695.76,0.0,-4707006.64
05-Jul-2026 10:00,FAILED-UPI-REV,RR998397,2680.36,0.0,-4709687.0
05-Jul-2026 20:00,ATM WITHDRAWAL,RR102826,3135.81,0.0,-4712822.81
06-Jul-2026 06:00,DREAM11-ENTRY,RR947586,226.34,0.0,-4713049.15
06-Jul-2026 16:00,CASH-OUT-AGENT,RR468752,2399.31,0.0,-4715448.46
07-Jul-2026 02:00,ATM WITHDRAWAL,RR783108,2557.68,0.0,-4718006.14
07-Jul-2026 12:00,LOCAL WINE STORE,RR733577,3402.62,0.0,-4721408.76
07-Jul-2026 22:00,ATM WITHDRAWAL,RR876925,1758.39,0.0,-4723167.15
08-Jul-2026 08:00,CASH-OUT-AGENT,RR624421,2747.98,0.0,-4725915.13
08-Jul-2026 18:00,LOCAL WINE STORE,RR535649,1480.72,0.0,-4727395.85
09-Jul-2026 04:00,DREAM11-ENTRY,RR151102,1429.5,0.0,-4728825.35
09-Jul-2026 14:00,CASH-OUT-AGENT,RR604970,3138.81,0.0,-4731964.15
10-Jul-2026 00:00,ATM WITHDRAWAL,RR421622,2080.55,0.0,-4734044.7
10-Jul-2026 10:00,LOCAL WINE STORE,RR360019,4840.49,0.0,-4738885.19
10-Jul-2026 20:00,FAILED-UPI-REV,RR307878,840.94,0.0,-4739726.13
11-Jul-2026 06:00,DREAM11-ENTRY,RR451838,2224.63,0.0,-4741950.76
11-Jul-2026 16:00,DREAM11-ENTRY,RR648252,2531.81,0.0,-4744482.56
12-Jul-2026 02:00,CASH-OUT-AGENT,RR658370,567.66,0.0,-4745050.23
12-Jul-2026 12:00,LOCAL WINE STORE,RR944992,4622.6,0.0,-4749672.83
12-Jul-2026 22:00,DREAM11-ENTRY,RR636686,2139.28,0.0,-4751812.11
13-Jul-2026 08:00,ATM WITHDRAWAL,RR204077,1630.84,0.0,-4753442.95
13-Jul-2026 18:00,FAILED-UPI-REV,RR876567,1771.62,0.0,-4755214.56
14-Jul-2026 04:00,DREAM11-ENTRY,RR942996,3398.48,0.0,-4758613.04
14-Jul-2026 14:00,LOCAL WINE STORE,RR611349,2472.05,0.0,-4761085.09
15-Jul-2026 00:00,FAILED-UPI-REV,RR499660,3268.26,0.0,-4764353.35
15-Jul-2026 10:00,LOCAL WINE STORE,RR488987,2614.93,0.0,-4766968.28
15-Jul-2026 20:00,CASH-OUT-AGENT,RR806829,2807.93,0.0,-4769776.21
16-Jul-2026 06:00,ATM WITHDRAWAL,RR269336,1865.9,0.0,-4771642.11
16-Jul-2026 16:00,FAILED-UPI-REV,RR391327,4373.43,0.0,-4776015.54
17-Jul-2026 02:00,LOCAL WINE STORE,RR510620,3019.6,0.0,-4779035.14
17-Jul-2026 12:00,FAILED-UPI-REV,RR858741,2348.48,0.0,-4781383.62
17-Jul-2026 22:00,DREAM11-ENTRY,RR224019,3013.04,0.0,-4784396.66
18-Jul-2026 08:00,FAILED-UPI-REV,RR946913,1281.0,0.0,-4785677.66
18-Jul-2026 18:00,CASH-OUT-AGENT,RR304054,3985.35,0.0,-4789663.01
19-Jul-2026 04:00,ATM WITHDRAWAL,RR833945,209.83,0.0,-4789872.83
19-Jul-2026 14:00,DREAM11-ENTRY,RR287398,4526.13,0.0,-4794398.97
20-Jul-2026 00:00,LOCAL WINE STORE,RR649031,4298.55,0.0,-4798697.51
20-Jul-2026 10:00,DREAM11-ENTRY,RR619587,3993.21,0.0,-4802690.72
20-Jul-2026 20:00,ATM WITHDRAWAL,RR415054,795.14,0.0,-4803485.86
21-Jul-2026 06:00,LOCAL WINE STORE,RR841819,3165.24,0.0,-4806651.1
21-Jul-2026 16:00,ATM WITHDRAWAL,RR481549,212.26,0.0,-4806863.36
22-Jul-2026 02:00,LOCAL WINE STORE,RR902367,111.78,0.0,-4806975.14
22-Jul-2026 12:00,DREAM11-ENTRY,RR118554,1560.04,0.0,-4808535.18
22-Jul-2026 22:00,DREAM11-ENTRY,RR787406,522.27,0.0,-4809057.45
23-Jul-2026 08:00,ATM WITHDRAWAL,RR778395,2784.73,0.0,-4811842.18
23-Jul-2026 18:00,FAILED-UPI-REV,RR819976,195.0,0.0,-4812037.19
24-Jul-2026 04:00,DREAM11-ENTRY,RR967070,970.4,0.0,-4813007.58
24-Jul-2026 14:00,FAILED-UPI-REV,RR880585,1364.14,0.0,-4814371.73
25-Jul-2026 00:00,DREAM11-ENTRY,RR764025,2129.22,0.0,-4816500.94
25-Jul-2026 10:00,CASH-OUT-AGENT,RR443271,2651.76,0.0,-4819152.7
25-Jul-2026 20:00,LOCAL WINE STORE,RR382413,1617.2,0.0,-4820769.9
26-Jul-2026 06:00,CASH-OUT-AGENT,RR160217,1338.17,0.0,-4822108.07
26-Jul-2026 16:00,DREAM11-ENTRY,RR777554,2663.7,0.0,-4824771.78
27-Jul-2026 02:00,FAILED-UPI-REV,RR954374,2533.82,0.0,-4827305.6
27-Jul-2026 12:00,DREAM11-ENTRY,RR551604,2662.29,0.0,-4829967.89
27-Jul-2026 22:00,DREAM11-ENTRY,RR991466,4148.55,0.0,-4834116.44
28-Jul-2026 08:00,LOCAL WINE STORE,RR101115,471.51,0.0,-4834587.95
28-Jul-2026 18:00,ATM WITHDRAWAL,RR211756,909.24,0.0,-4835497.2
29-Jul-2026 04:00,DREAM11-ENTRY,RR268901,4148.5,0.0,-4839645.7
29-Jul-2026 14:00,DREAM11-ENTRY,RR128306,4239.46,0.0,-4843885.16
30-Jul-2026 00:00,FAILED-UPI-REV,RR890653,4579.44,0.0,-4848464.6
30-Jul-2026 10:00,LOCAL WINE STORE,RR920934,2731.06,0.0,-4851195.67
30-Jul-2026 20:00,DREAM11-ENTRY,RR477752,2244.79,0.0,-4853440.46
31-Jul-2026 06:00,FAILED-UPI-REV,RR414851,2600.33,0.0,-4856040.79
31-Jul-2026 16:00,FAILED-UPI-REV,RR665472,2362.25,0.0,-4858403.05
01-Aug-2026 02:00,ATM WITHDRAWAL,RR295235,2630.16,0.0,-4861033.2
01-Aug-2026 12:00,ATM WITHDRAWAL,RR355369,2496.4,0.0,-4863529.6
01-Aug-2026 22:00,DREAM11-ENTRY,RR231153,1598.48,0.0,-4865128.09
02-Aug-2026 08:00,ATM WITHDRAWAL,RR561588,1913.34,0.0,-4867041.42
02-Aug-2026 18:00,LOCAL WINE STORE,RR747270,2333.23,0.0,-4869374.65
03-Aug-2026 04:00,CASH-OUT-AGENT,RR404472,3301.13,0.0,-4872675.77
03-Aug-2026 14:00,FAILED-UPI-REV,RR928014,597.03,0.0,-4873272.8
04-Aug-2026 00:00,ATM WITHDRAWAL,RR920597,2976.0,0.0,-4876248.8
04-Aug-2026 10:00,ATM WITHDRAWAL,RR874659,1004.7,0.0,-4877253.5
04-Aug-2026 20:00,LOCAL WINE STORE,RR443261,3348.56,0.0,-4880602.06
05-Aug-2026 06:00,FAILED-UPI-REV,RR259140,756.16,0.0,-4881358.23
05-Aug-2026 16:00,DREAM11-ENTRY,RR539491,4221.15,0.0,-4885579.37
06-Aug-2026 02:00,FAILED-UPI-REV,RR806365,3878.55,0.0,-4889457.92
06-Aug-2026 12:00,DREAM11-ENTRY,RR966261,338.36,0.0,-4889796.28
06-Aug-2026 22:00,FAILED-UPI-REV,RR964100,394.11,0.0,-4890190.39
07-Aug-2026 08:00,CASH-OUT-AGENT,RR898646,2428.49,0.0,-4892618.88
07-Aug-2026 18:00,ATM WITHDRAWAL,RR324775,2390.12,0.0,-4895008.99
08-Aug-2026 04:00,CASH-OUT-AGENT,RR708838,500.55,0.0,-4895509.55
08-Aug-2026 14:00,CASH-OUT-AGENT,RR508438,933.38,0.0,-4896442.92
09-Aug-2026 00:00,LOCAL WINE STORE,RR925938,4201.21,0.0,-4900644.13
09-Aug-2026 10:00,CASH-OUT-AGENT,RR977785,3680.52,0.0,-4904324.65
09-Aug-2026 20:00,CASH-OUT-AGENT,RR680872,2316.86,0.0,-4906641.52
10-Aug-2026 06:00,LOCAL WINE STORE,RR342745,722.04,0.0,-4907363.56
10-Aug-2026 16:00,FAILED-UPI-REV,RR103923,4379.05,0.0,-4911742.61
11-Aug-2026 02:00,LOCAL WINE STORE,RR359128,2934.12,0.0,-4914676.73
11-Aug-2026 12:00,LOCAL WINE STORE,RR381386,952.98,0.0,-4915629.71
11-Aug-2026 22:00,LOCAL WINE STORE,RR193062,4318.61,0.0,-4919948.32
