Date,Narration,Chq/Ref No,Withdrawal Amt,Deposit Amt,Closing Balance
01-May-2024 00:00,SALARY CREDIT - CORP,RR322458,0.0,92633.21,167633.21
01-May-2024 10:00,Local Vegetable Vendor,RR821179,54.55,0.0,167578.67
01-May-2024 20:00,Auto-UPI Pay,RR292107,267.35,0.0,167311.32
02-May-2024 06:00,Nandini Milk Parlour,RR179815,231.62,0.0,167079.7
02-May-2024 16:00,SLV Refreshments,RR210948,931.55,0.0,166148.15
03-May-2024 02:00,Fastrack Service Center,RR373860,995.38,0.0,165152.77
03-May-2024 12:00,Local Vegetable Vendor,RR888417,838.67,0.0,164314.1
03-May-2024 22:00,Auto-UPI Pay,RR797129,1147.32,0.0,163166.78
04-May-2024 08:00,Amma Bakery,RR684132,648.68,0.0,162518.1
04-May-2024 18:00,Shell Petrol Bunk,RR125849,1012.85,0.0,161505.25
05-May-2024 04:00,Nandini Milk Parlour,RR886781,1139.56,0.0,160365.69
05-May-2024 14:00,Auto-UPI Pay,RR462659,850.97,0.0,159514.72
06-May-2024 00:00,Siddeshwara Kirana Store,RR325610,256.81,0.0,159257.92
06-May-2024 10:00,Shell Petrol Bunk,RR904020,635.6,0.0,158622.32
06-May-2024 20:00,SLV Refreshments,RR528615,1035.99,0.0,157586.33
07-May-2024 06:00,Star Local Supermarket,RR383169,213.48,0.0,157372.85
07-May-2024 16:00,Star Local Supermarket,RR927058,1065.76,0.0,156307.09
08-May-2024 02:00,Laundry Service,RR744799,293.18,0.0,156013.91
08-May-2024 12:00,Auto-UPI Pay,RR658045,93.13,0.0,155920.78
08-May-2024 22:00,Balaji Medicals,RR755660,401.2,0.0,155519.58
09-May-2024 08:00,Balaji Medicals,RR253260,284.75,0.0,155234.83
09-May-2024 18:00,Fastrack Service Center,RR746202,831.38,0.0,154403.44
10-May-2024 04:00,Amma Bakery,RR192343,183.44,0.0,154220.0
10-May-2024 14:00,Auto-UPI Pay,RR534600,965.18,0.0,153254.82
11-May-2024 00:00,Laundry Service,RR189980,269.08,0.0,152985.74
11-May-2024 10:00,Fastrack Service Center,RR381011,851.34,0.0,152134.4
11-May-2024 20:00,Amma Bakery,RR432041,426.79,0.0,151707.61
12-May-2024 06:00,Fastrack Service Center,RR176333,553.36,0.0,151154.25
12-May-2024 16:00,Nandini Milk Parlour,RR106184,867.61,0.0,150286.64
13-May-2024 02:00,Siddeshwara Kirana Store,RR979243,327.12,0.0,149959.51
13-May-2024 12:00,Amma Bakery,RR733183,189.95,0.0,149769.57
13-May-2024 22:00,Star Local Supermarket,RR662637,542.4,0.0,149227.17
14-May-2024 08:00,Star Local Supermarket,RR978292,446.17,0.0,148781.0
14-May-2024 18:00,Shell Petrol Bunk,RR934706,1182.86,0.0,147598.14
15-May-2024 04:00,Siddeshwara Kirana Store,RR736050,849.58,0.0,146748.56
15-May-2024 14:00,Laundry Service,RR579932,325.9,0.0,146422.66
16-May-2024 00:00,Star Local Supermarket,RR801935,465.04,0.0,145957.63
16-May-2024 10:00,Amma Bakery,RR759267,827.71,0.0,145129.92
16-May-2024 20:00,SLV Refreshments,RR616172,178.35,0.0,144951.57
17-May-2024 06:00,Nandini Milk Parlour,RR494202,317.88,0.0,144633.68
17-May-2024 16:00,Auto-UPI Pay,RR975652,259.45,0.0,144374.23
18-May-2024 02:00,Fastrack Service Center,RR356777,164.65,0.0,144209.58
18-May-2024 12:00,Amma Bakery,RR213081,1156.12,0.0,143053.45
18-May-2024 22:00,Nandini Milk Parlour,RR318498,828.63,0.0,142224.83
19-May-2024 08:00,SLV Refreshments,RR352934,476.19,0.0,141748.64
19-May-2024 18:00,Nandini Milk Parlour,RR655286,249.43,0.0,141499.21
20-May-2024 04:00,Balaji Medicals,RR854905,523.55,0.0,140975.66
20-May-2024 14:00,Star Local Supermarket,RR172553,319.88,0.0,140655.78
21-May-2024 00:00,Shell Petrol Bunk,RR806212,220.2,0.0,140435.57
21-May-2024 10:00,Nandini Milk Parlour,RR290789,415.94,0.0,140019.63
21-May-2024 20:00,Laundry Service,RR884744,906.62,0.0,139113.02
22-May-2024 06:00,Nandini Milk Parlour,RR382419,821.37,0.0,138291.65
22-May-2024 16:00,Fastrack Service Center,RR642071,455.63,0.0,137836.02
23-May-2024 02:00,Star Local Supermarket,RR701167,351.85,0.0,137484.17
23-May-2024 12:00,Laundry Service,RR254590,844.62,0.0,136639.54
23-May-2024 22:00,SLV Refreshments,RR582554,913.13,0.0,135726.41
24-May-2024 08:00,Star Local Supermarket,RR732091,458.89,0.0,135267.52
24-May-2024 18:00,Auto-UPI Pay,RR547874,436.52,0.0,134831.0
25-May-2024 04:00,Fastrack Service Center,RR150869,595.53,0.0,134235.48
25-May-2024 14:00,Fastrack Service Center,RR221881,1082.51,0.0,133152.97
26-May-2024 00:00,SLV Refreshments,RR302580,479.6,0.0,132673.37
26-May-2024 10:00,Siddeshwara Kirana Store,RR323205,824.21,0.0,131849.16
26-May-2024 20:00,Local Vegetable Vendor,RR861490,344.68,0.0,131504.48
27-May-2024 06:00,Shell Petrol Bunk,RR840599,573.33,0.0,130931.15
27-May-2024 16:00,Laundry Service,RR561059,614.18,0.0,130316.97
28-May-2024 02:00,Fastrack Service Center,RR785493,660.46,0.0,129656.51
28-May-2024 12:00,SLV Refreshments,RR757108,470.02,0.0,129186.49
28-May-2024 22:00,Nandini Milk Parlour,RR874825,777.36,0.0,128409.13
29-May-2024 08:00,Auto-UPI Pay,RR688459,1169.01,0.0,127240.12
29-May-2024 18:00,SLV Refreshments,RR390675,450.5,0.0,126789.62
30-May-2024 04:00,Amma Bakery,RR642345,611.48,0.0,126178.14
30-May-2024 14:00,Shell Petrol Bunk,RR515301,867.6,0.0,125310.54
31-May-2024 00:00,Shell Petrol Bunk,RR746795,410.8,0.0,124899.74
31-May-2024 10:00,Auto-UPI Pay,RR591572,94.77,0.0,124804.97
31-May-2024 20:00,Shell Petrol Bunk,RR253990,753.1,0.0,124051.87
01-Jun-2024 06:00,Local Vegetable Vendor,RR187930,364.72,0.0,123687.14
01-Jun-2024 16:00,Amma Bakery,RR283500,790.23,0.0,122896.91
02-Jun-2024 02:00,Nandini Milk Parlour,RR435962,320.46,0.0,122576.46
02-Jun-2024 12:00,Local Vegetable Vendor,RR494257,210.25,0.0,122366.21
02-Jun-2024 22:00,Local Vegetable Vendor,RR141789,1088.36,0.0,121277.85
03-Jun-2024 08:00,SLV Refreshments,RR146078,264.12,0.0,121013.73
03-Jun-2024 18:00,Auto-UPI Pay,RR695002,481.36,0.0,120532.37
04-Jun-2024 04:00,Shell Petrol Bunk,RR112612,129.33,0.0,120403.04
04-Jun-2024 14:00,Laundry Service,RR705549,331.21,0.0,120071.83
05-Jun-2024 00:00,Nandini Milk Parlour,RR643323,836.6,0.0,119235.23
05-Jun-2024 10:00,Auto-UPI Pay,RR646150,533.55,0.0,118701.69
05-Jun-2024 20:00,Fastrack Service Center,RR890460,146.15,0.0,118555.53
06-Jun-2024 06:00,Nandini Milk Parlour,RR603832,323.05,0.0,118232.48
06-Jun-2024 16:00,Fastrack Service Center,RR444734,87.69,0.0,118144.8
07-Jun-2024 02:00,Auto-UPI Pay,RR959607,221.09,0.0,117923.7
07-Jun-2024 12:00,Shell Petrol Bunk,RR571253,1137.69,0.0,116786.01
07-Jun-2024 22:00,Siddeshwara Kirana Store,RR384009,820.93,0.0,115965.08
08-Jun-2024 08:00,Auto-UPI Pay,RR958570,810.28,0.0,115154.8
08-Jun-2024 18:00,Balaji Medicals,RR232559,1099.72,0.0,114055.08
09-Jun-2024 04:00,Siddeshwara Kirana Store,RR215139,311.47,0.0,113743.61
09-Jun-2024 14:00,Laundry Service,RR196649,1090.33,0.0,112653.27
10-Jun-2024 00:00,Laundry Service,RR951009,812.43,0.0,111840.85
10-Jun-2024 10:00,Nandini Milk Parlour,RR917369,972.57,0.0,110868.28
10-Jun-2024 20:00,Amma Bakery,RR965945,460.47,0.0,110407.81
11-Jun-2024 06:00,SLV Refreshments,RR475904,927.87,0.0,109479.94
11-Jun-2024 16:00,SLV Refreshments,RR320883,844.52,0.0,108635.42
12-Jun-2024 02:00,Siddeshwara Kirana Store,RR901920,439.39,0.0,108196.04
12-Jun-2024 12:00,Local Vegetable Vendor,RR382688,341.58,0.0,107854.46
12-Jun-2024 22:00,Shell Petrol Bunk,RR388952,601.82,0.0,107252.64
13-Jun-2024 08:00,Nandini Milk Parlour,RR374287,419.97,0.0,106832.67
13-Jun-2024 18:00,Shell Petrol Bunk,RR640652,274.91,0.0,106557.76
14-Jun-2024 04:00,Fastrack Service Center,RR405665,608.78,0.0,105948.98
14-Jun-2024 14:00,Auto-UPI Pay,RR902539,135.52,0.0,105813.47
15-Jun-2024 00:00,Auto-UPI Pay,RR164106,207.66,0.0,105605.81
15-Jun-2024 10:00,Balaji Medicals,RR397409,365.68,0.0,105240.13
15-Jun-2024 20:00,Star Local Supermarket,RR163875,113.86,0.0,105126.26
16-Jun-2024 06:00,Star Local Supermarket,RR248489,989.23,0.0,104137.03
16-Jun-2024 16:00,Star Local Supermarket,RR266998,694.92,0.0,103442.11
17-Jun-2024 02:00,Fastrack Service Center,RR712618,969.0,0.0,102473.1
17-Jun-2024 12:00,Amma Bakery,RR386682,478.91,0.0,101994.19
17-Jun-2024 22:00,SLV Refreshments,RR499134,922.12,0.0,101072.07
18-Jun-2024 08:00,Amma Bakery,RR552140,780.86,0.0,100291.21
18-Jun-2024 18:00,Shell Petrol Bunk,RR210483,210.54,0.0,100080.67
19-Jun-2024 04:00,SLV Refreshments,RR552218,1156.75,0.0,98923.92
19-Jun-2024 14:00,Fastrack Service Center,RR823023,879.1,0.0,98044.82
20-Jun-2024 00:00,Siddeshwara Kirana Store,RR899651,937.18,0.0,97107.65
20-Jun-2024 10:00,Nandini Milk Parlour,RR256675,942.9,0.0,96164.75
20-Jun-2024 20:00,Auto-UPI Pay,RR876145,547.04,0.0,95617.71
21-Jun-2024 06:00,Amma Bakery,RR385841,1020.28,0.0,94597.43
21-Jun-2024 16:00,Nandini Milk Parlour,RR243483,117.95,0.0,94479.49
22-Jun-2024 02:00,Laundry Service,RR752753,1155.57,0.0,93323.92
22-Jun-2024 12:00,SLV Refreshments,RR110128,995.57,0.0,92328.35
22-Jun-2024 22:00,Laundry Service,RR395666,976.5,0.0,91351.84
23-Jun-2024 08:00,Star Local Supermarket,RR928858,833.24,0.0,90518.6
23-Jun-2024 18:00,Fastrack Service Center,RR902857,1041.35,0.0,89477.25
24-Jun-2024 04:00,Amma Bakery,RR406839,566.73,0.0,88910.52
24-Jun-2024 14:00,Amma Bakery,RR272897,463.13,0.0,88447.39
25-Jun-2024 00:00,Amma Bakery,RR375881,893.78,0.0,87553.61
25-Jun-2024 10:00,Auto-UPI Pay,RR914903,221.74,0.0,87331.87
25-Jun-2024 20:00,Nandini Milk Parlour,RR626083,272.26,0.0,87059.61
26-Jun-2024 06:00,Auto-UPI Pay,RR755780,518.61,0.0,86540.99
26-Jun-2024 16:00,Star Local Supermarket,RR758056,337.39,0.0,86203.6
27-Jun-2024 02:00,Star Local Supermarket,RR229120,1085.29,0.0,85118.32
27-Jun-2024 12:00,Star Local Supermarket,RR836090,224.99,0.0,84893.32
27-Jun-2024 22:00,Fastrack Service Center,RR405908,468.78,0.0,84424.54
28-Jun-2024 08:00,Nandini Milk Parlour,RR944187,567.43,0.0,83857.11
28-Jun-2024 18:00,Shell Petrol Bunk,RR203434,795.5,0.0,83061.61
29-Jun-2024 04:00,Shell Petrol Bunk,RR619048,215.63,0.0,82845.99
29-Jun-2024 14:00,Siddeshwara Kirana Store,RR972048,189.28,0.0,82656.7
30-Jun-2024 00:00,Star Local Supermarket,RR741682,1086.11,0.0,81570.59
30-Jun-2024 10:00,Siddeshwara Kirana Store,RR570153,64.61,0.0,81505.98
30-Jun-2024 20:00,Amma Bakery,RR669388,640.82,0.0,80865.16
01-Jul-2024 06:00,Amma Bakery,RR887087,748.59,0.0,80116.57
01-Jul-2024 16:00,Siddeshwara Kirana Store,RR616388,108.76,0.0,80007.8
02-Jul-2024 02:00,SLV Refreshments,RR577947,245.02,0.0,79762.78
02-Jul-2024 12:00,Shell Petrol Bunk,RR274490,945.08,0.0,78817.7
02-Jul-2024 22:00,Star Local Supermarket,RR448249,1126.86,0.0,77690.85
03-Jul-2024 08:00,Auto-UPI Pay,RR184611,813.86,0.0,76876.99
03-Jul-2024 18:00,Shell Petrol Bunk,RR295631,139.59,0.0,76737.4
04-Jul-2024 04:00,SLV Refreshments,RR281308,394.23,0.0,76343.17
04-Jul-2024 14:00,Siddeshwara Kirana Store,RR179159,62.59,0.0,76280.59
05-Jul-2024 00:00,Balaji Medicals,RR933402,280.51,0.0,76000.08
05-Jul-2024 10:00,Local Vegetable Vendor,RR119221,708.75,0.0,75291.32
05-Jul-2024 20:00,Star Local Supermarket,RR961575,87.06,0.0,75204.26
06-Jul-2024 06:00,Balaji Medicals,RR902808,534.98,0.0,74669.28
06-Jul-2024 16:00,SLV Refreshments,RR265009,1121.32,0.0,73547.96
07-Jul-2024 02:00,Nandini Milk Parlour,RR893373,776.67,0.0,72771.3
07-Jul-2024 12:00,Amma Bakery,RR884473,671.54,0.0,72099.75
07-Jul-2024 22:00,Amma Bakery,RR832987,1084.58,0.0,71015.17
08-Jul-2024 08:00,Local Vegetable Vendor,RR332227,866.65,0.0,70148.52
08-Jul-2024 18:00,Laundry Service,RR477104,733.07,0.0,69415.45
09-Jul-2024 04:00,Local Vegetable Vendor,RR328793,949.34,0.0,68466.11
09-Jul-2024 14:00,Auto-UPI Pay,RR338753,614.7,0.0,67851.42
10-Jul-2024 00:00,SLV Refreshments,RR829085,704.6,0.0,67146.81
10-Jul-2024 10:00,Balaji Medicals,RR112990,983.47,0.0,66163.34
10-Jul-2024 20:00,Star Local Supermarket,RR551624,553.88,0.0,65609.46
11-Jul-2024 06:00,SLV Refreshments,RR871547,80.63,0.0,65528.84
11-Jul-2024 16:00,Siddeshwara Kirana Store,RR593410,206.36,0.0,65322.48
12-Jul-2024 02:00,SLV Refreshments,RR175641,1100.21,0.0,64222.27
12-Jul-2024 12:00,Amma Bakery,RR906698,625.49,0.0,63596.78
12-Jul-2024 22:00,Nandini Milk Parlour,RR299409,341.2,0.0,63255.58
13-Jul-2024 08:00,SLV Refreshments,RR465641,162.26,0.0,63093.31
13-Jul-2024 18:00,Balaji Medicals,RR957785,113.19,0.0,62980.13
14-Jul-2024 04:00,Amma Bakery,RR720839,740.36,0.0,62239.77
14-Jul-2024 14:00,Shell Petrol Bunk,RR937099,552.39,0.0,61687.38
15-Jul-2024 00:00,Nandini Milk Parlour,RR371570,619.0,0.0,61068.39
15-Jul-2024 10:00,Shell Petrol Bunk,RR164952,764.78,0.0,60303.61
15-Jul-2024 20:00,Fastrack Service Center,RR907501,1102.55,0.0,59201.06
16-Jul-2024 06:00,Auto-UPI Pay,RR457268,449.14,0.0,58751.92
16-Jul-2024 16:00,Amma Bakery,RR420117,868.2,0.0,57883.72
17-Jul-2024 02:00,Local Vegetable Vendor,RR515999,754.93,0.0,57128.79
17-Jul-2024 12:00,Fastrack Service Center,RR204558,843.02,0.0,56285.77
17-Jul-2024 22:00,Auto-UPI Pay,RR154878,373.79,0.0,55911.98
18-Jul-2024 08:00,Balaji Medicals,RR840095,1168.35,0.0,54743.63
18-Jul-2024 18:00,Laundry Service,RR252841,1070.39,0.0,53673.24
19-Jul-2024 04:00,Shell Petrol Bunk,RR752053,267.37,0.0,53405.87
19-Jul-2024 14:00,Nandini Milk Parlour,RR882268,511.98,0.0,52893.89
20-Jul-2024 00:00,Laundry Service,RR949909,871.44,0.0,52022.46
20-Jul-2024 10:00,SLV Refreshments,RR201852,973.94,0.0,51048.52
20-Jul-2024 20:00,SLV Refreshments,RR357756,963.32,0.0,50085.2
21-Jul-2024 06:00,Star Local Supermarket,RR214849,458.82,0.0,49626.38
21-Jul-2024 16:00,Auto-UPI Pay,RR926889,764.56,0.0,48861.82
22-Jul-2024 02:00,Star Local Supermarket,RR491616,691.54,0.0,48170.29
22-Jul-2024 12:00,Shell Petrol Bunk,RR360027,623.36,0.0,47546.93
22-Jul-2024 22:00,Shell Petrol Bunk,RR212440,771.05,0.0,46775.87
23-Jul-2024 08:00,Fastrack Service Center,RR130135,791.58,0.0,45984.29
23-Jul-2024 18:00,Nandini Milk Parlour,RR522011,548.63,0.0,45435.66
24-Jul-2024 04:00,Star Local Supermarket,RR994695,1009.9,0.0,44425.76
24-Jul-2024 14:00,Star Local Supermarket,RR185911,1054.92,0.0,43370.84
25-Jul-2024 00:00,Nandini Milk Parlour,RR528386,875.62,0.0,42495.21
25-Jul-2024 10:00,Siddeshwara Kirana Store,RR102091,833.43,0.0,41661.78
25-Jul-2024 20:00,Siddeshwara Kirana Store,RR621545,1179.09,0.0,40482.7
26-Jul-2024 06:00,Amma Bakery,RR946269,911.1,0.0,39571.59
26-Jul-2024 16:00,Fastrack Service Center,RR746058,484.38,0.0,39087.21
27-Jul-2024 02:00,Laundry Service,RR991365,666.77,0.0,38420.44
27-Jul-2024 12:00,Shell Petrol Bunk,RR216937,1060.86,0.0,37359.58
27-Jul-2024 22:00,SLV Refreshments,RR654247,718.42,0.0,36641.16
28-Jul-2024 08:00,Amma Bakery,RR372598,431.65,0.0,36209.5
28-Jul-2024 18:00,Balaji Medicals,RR573719,1094.96,0.0,35114.55
29-Jul-2024 04:00,SLV Refreshments,RR676639,231.32,0.0,34883.22
29-Jul-2024 14:00,Balaji Medicals,RR584055,111.12,0.0,34772.11
30-Jul-2024 00:00,Shell Petrol Bunk,RR229010,1012.19,0.0,33759.92
30-Jul-2024 10:00,Auto-UPI Pay,RR131139,389.03,0.0,33370.88
30-Jul-2024 20:00,Nandini Milk Parlour,RR227554,205.08,0.0,33165.81
31-Jul-2024 06:00,Shell Petrol Bunk,RR724300,271.5,0.0,32894.31
31-Jul-2024 16:00,Siddeshwara Kirana Store,RR240897,1007.46,0.0,31886.85
01-Aug-2024 02:00,SLV Refreshments,RR727664,443.99,0.0,31442.86
01-Aug-2024 12:00,Auto-UPI Pay,RR662918,1155.41,0.0,30287.45
01-Aug-2024 22:00,Amma Bakery,RR248427,101.43,0.0,30186.02
02-Aug-2024 08:00,Siddeshwara Kirana Store,RR387662,259.35,0.0,29926.67
02-Aug-2024 18:00,Amma Bakery,RR171446,714.56,0.0,29212.11
03-Aug-2024 04:00,Shell Petrol Bunk,RR527297,1077.63,0.0,28134.48
03-Aug-2024 14:00,Shell Petrol Bunk,RR885290,480.07,0.0,27654.4
04-Aug-2024 00:00,Shell Petrol Bunk,RR566204,78.76,0.0,27575.65
04-Aug-2024 10:00,Local Vegetable Vendor,RR333524,241.33,0.0,27334.32
04-Aug-2024 20:00,Local Vegetable Vendor,RR547792,373.61,0.0,26960.7
05-Aug-2024 06:00,Nandini Milk Parlour,RR913325,175.14,0.0,26785.56
05-Aug-2024 16:00,Laundry Service,RR846244,267.21,0.0,26518.35
06-Aug-2024 02:00,Amma Bakery,RR702815,403.12,0.0,26115.23
06-Aug-2024 12:00,Auto-UPI Pay,RR291409,329.91,0.0,25785.32
06-Aug-2024 22:00,Amma Bakery,RR280258,1182.69,0.0,24602.63
07-Aug-2024 08:00,Star Local Supermarket,RR315862,257.79,0.0,24344.84
07-Aug-2024 18:00,Auto-UPI Pay,RR828480,1170.31,0.0,23174.53
08-Aug-2024 04:00,Auto-UPI Pay,RR378604,1060.62,0.0,22113.91
08-Aug-2024 14:00,Amma Bakery,RR514720,904.51,0.0,21209.4
09-Aug-2024 00:00,Auto-UPI Pay,RR716672,391.14,0.0,20818.26
09-Aug-2024 10:00,Shell Petrol Bunk,RR813093,989.06,0.0,19829.2
09-Aug-2024 20:00,Siddeshwara Kirana Store,RR472064,213.26,0.0,19615.94
10-Aug-2024 06:00,Auto-UPI Pay,RR853247,704.35,0.0,18911.6
10-Aug-2024 16:00,Amma Bakery,RR157471,838.34,0.0,18073.25
11-Aug-2024 02:00,Auto-UPI Pay,RR947620,131.67,0.0,17941.58
11-Aug-2024 12:00,Laundry Service,RR635712,658.97,0.0,17282.61
11-Aug-2024 22:00,Nandini Milk Parlour,RR100621,1058.81,0.0,16223.8
12-Aug-2024 08:00,Siddeshwara Kirana Store,RR792666,327.56,0.0,15896.24
12-Aug-2024 18:00,Siddeshwara Kirana Store,RR171903,449.59,0.0,15446.65
13-Aug-2024 04:00,Fastrack Service Center,RR170626,1181.32,0.0,14265.34
13-Aug-2024 14:00,Shell Petrol Bunk,RR417814,312.23,0.0,13953.11
14-Aug-2024 00:00,Laundry Service,RR565679,67.47,0.0,13885.63
14-Aug-2024 10:00,SLV Refreshments,RR933186,491.98,0.0,13393.65
14-Aug-2024 20:00,Local Vegetable Vendor,RR951186,624.73,0.0,12768.92
15-Aug-2024 06:00,Siddeshwara Kirana Store,RR337073,449.29,0.0,12319.63
15-Aug-2024 16:00,Shell Petrol Bunk,RR247422,428.97,0.0,11890.66
16-Aug-2024 02:00,Nandini Milk Parlour,RR749659,331.7,0.0,11558.96
16-Aug-2024 12:00,Local Vegetable Vendor,RR236659,801.53,0.0,10757.43
16-Aug-2024 22:00,Balaji Medicals,RR544599,1152.51,0.0,9604.92
17-Aug-2024 08:00,Auto-UPI Pay,RR131429,704.21,0.0,8900.72
17-Aug-2024 18:00,Fastrack Service Center,RR609904,206.37,0.0,8694.34
18-Aug-2024 04:00,Amma Bakery,RR817662,323.86,0.0,8370.48
18-Aug-2024 14:00,Amma Bakery,RR492873,232.97,0.0,8137.51
19-Aug-2024 00:00,Shell Petrol Bunk,RR684806,626.97,0.0,7510.54
19-Aug-2024 10:00,Balaji Medicals,RR777336,947.24,0.0,6563.3
19-Aug-2024 20:00,Star Local Supermarket,RR761393,806.33,0.0,5756.96
20-Aug-2024 06:00,Amma Bakery,RR963509,549.97,0.0,5206.99
20-Aug-2024 16:00,Laundry Service,RR318428,142.78,0.0,5064.22
21-Aug-2024 02:00,Auto-UPI Pay,RR416999,1055.25,0.0,4008.97
21-Aug-2024 12:00,Siddeshwara Kirana Store,RR286921,443.04,0.0,3565.93
21-Aug-2024 22:00,Local Vegetable Vendor,RR463259,740.52,0.0,2825.41
22-Aug-2024 08:00,Local Vegetable Vendor,RR250096,938.74,0.0,1886.66
22-Aug-2024 18:00,Shell Petrol Bunk,RR322205,615.28,0.0,1271.38
23-Aug-2024 04:00,Fastrack Service Center,RR785253,582.86,0.0,688.53
23-Aug-2024 14:00,SLV Refreshments,RR131870,1041.28,0.0,368.1
24-Aug-2024 00:00,Siddeshwara Kirana Store,RR631443,218.16,0.0,149.94
24-Aug-2024 10:00,Star Local Supermarket,RR120161,1157.41,0.0,299.9
24-Aug-2024 20:00,Nandini Milk Parlour,RR796777,419.21,0.0,392.8
25-Aug-2024 06:00,Laundry Service,RR378256,1067.46,0.0,189.05
25-Aug-2024 16:00,Balaji Medicals,RR188506,1158.78,0.0,296.51
26-Aug-2024 02:00,Balaji Medicals,RR314163,427.21,0.0,152.13
26-Aug-2024 12:00,Balaji Medicals,RR891268,350.7,0.0,337.06
26-Aug-2024 22:00,Shell Petrol Bunk,RR961027,1078.69,0.0,492.1
27-Aug-2024 08:00,Shell Petrol Bunk,RR449578,92.42,0.0,399.68
27-Aug-2024 18:00,SLV Refreshments,RR925920,799.74,0.0,300.22
28-Aug-2024 04:00,Amma Bakery,RR972390,112.69,0.0,187.53
28-Aug-2024 14:00,Auto-UPI Pay,RR259259,485.46,0.0,299.79
29-Aug-2024 00:00,Laundry Service,RR562922,208.52,0.0,91.27
29-Aug-2024 10:00,Nandini Milk Parlour,RR383039,580.39,0.0,253.04
29-Aug-2024 20:00,SLV Refreshments,RR352455,350.31,0.0,193.07
30-Aug-2024 06:00,SLV Refreshments,RR337962,1069.83,0.0,130.29
30-Aug-2024 16:00,Nandini Milk Parlour,RR602604,898.55,0.0,289.73
31-Aug-2024 02:00,Siddeshwara Kirana Store,RR452165,377.27,0.0,262.49
31-Aug-2024 12:00,Fastrack Service Center,RR733564,87.85,0.0,174.64
31-Aug-2024 22:00,Amma Bakery,RR461829,192.14,0.0,475.92
01-Sep-2024 08:00,Star Local Supermarket,RR496270,1124.83,0.0,314.76
01-Sep-2024 18:00,Auto-UPI Pay,RR170135,540.05,0.0,228.64
02-Sep-2024 04:00,Fastrack Service Center,RR564836,687.73,0.0,111.67
02-Sep-2024 14:00,Auto-UPI Pay,RR530780,162.15,0.0,470.96
03-Sep-2024 00:00,Star Local Supermarket,RR222224,825.23,0.0,261.5
03-Sep-2024 10:00,Laundry Service,RR405005,779.14,0.0,460.33
03-Sep-2024 20:00,Local Vegetable Vendor,RR688418,363.74,0.0,96.59
04-Sep-2024 06:00,Star Local Supermarket,RR618501,547.39,0.0,435.82
04-Sep-2024 16:00,Auto-UPI Pay,RR199240,840.3,0.0,274.91
05-Sep-2024 02:00,Nandini Milk Parlour,RR249235,494.6,0.0,298.55
05-Sep-2024 12:00,Shell Petrol Bunk,RR392453,294.66,0.0,3.89
05-Sep-2024 22:00,Fastrack Service Center,RR350877,397.8,0.0,465.55
06-Sep-2024 08:00,Fastrack Service Center,RR205788,864.48,0.0,336.16
06-Sep-2024 18:00,Nandini Milk Parlour,RR541138,809.38,0.0,115.69
07-Sep-2024 04:00,Local Vegetable Vendor,RR455891,533.86,0.0,226.49
07-Sep-2024 14:00,SLV Refreshments,RR273739,782.4,0.0,164.79
08-Sep-2024 00:00,Amma Bakery,RR582185,363.95,0.0,267.48
08-Sep-2024 10:00,Star Local Supermarket,RR191863,826.46,0.0,438.95
08-Sep-2024 20:00,Auto-UPI Pay,RR557198,415.43,0.0,23.52
09-Sep-2024 06:00,Balaji Medicals,RR793119,206.87,0.0,397.18
09-Sep-2024 16:00,Shell Petrol Bunk,RR616909,692.3,0.0,413.0
10-Sep-2024 02:00,Star Local Supermarket,RR358404,538.41,0.0,209.29
10-Sep-2024 12:00,SLV Refreshments,RR596127,967.91,0.0,182.84
10-Sep-2024 22:00,SLV Refreshments,RR107772,618.82,0.0,223.58
11-Sep-2024 08:00,SLV Refreshments,RR876559,627.53,0.0,301.89
11-Sep-2024 18:00,Auto-UPI Pay,RR899056,434.11,0.0,104.11
12-Sep-2024 04:00,Amma Bakery,RR188819,750.85,0.0,328.08
12-Sep-2024 14:00,Shell Petrol Bunk,RR501234,819.87,0.0,242.84
13-Sep-2024 00:00,Balaji Medicals,RR786042,489.67,0.0,185.57
13-Sep-2024 10:00,Amma Bakery,RR798878,463.06,0.0,355.59
13-Sep-2024 20:00,Siddeshwara Kirana Store,RR793220,1196.99,0.0,252.82
14-Sep-2024 06:00,Star Local Supermarket,RR522537,91.22,0.0,161.6
14-Sep-2024 16:00,Shell Petrol Bunk,RR220253,694.42,0.0,247.32
15-Sep-2024 02:00,Auto-UPI Pay,RR155799,97.57,0.0,149.76
15-Sep-2024 12:00,Local Vegetable Vendor,RR222817,653.74,0.0,434.77
15-Sep-2024 22:00,Siddeshwara Kirana Store,RR414899,373.63,0.0,61.14
16-Sep-2024 08:00,Fastrack Service Center,RR204364,1156.84,0.0,283.66
16-Sep-2024 18:00,Nandini Milk Parlour,RR811638,278.63,0.0,5.03
17-Sep-2024 04:00,Balaji Medicals,RR187757,735.99,0.0,346.07
17-Sep-2024 14:00,Balaji Medicals,RR529583,500.94,0.0,392.2
18-Sep-2024 00:00,SLV Refreshments,RR585104,1114.22,0.0,375.89
18-Sep-2024 10:00,Auto-UPI Pay,RR873346,128.1,0.0,247.79
18-Sep-2024 20:00,Local Vegetable Vendor,RR104248,688.28,0.0,284.51
19-Sep-2024 06:00,Star Local Supermarket,RR488434,900.81,0.0,261.22
19-Sep-2024 16:00,SLV Refreshments,RR655913,673.26,0.0,476.55
20-Sep-2024 02:00,Local Vegetable Vendor,RR249784,616.23,0.0,316.44
20-Sep-2024 12:00,Laundry Service,RR289759,817.78,0.0,256.48
20-Sep-2024 22:00,Shell Petrol Bunk,RR775866,314.94,0.0,397.86
21-Sep-2024 08:00,SLV Refreshments,RR483096,276.52,0.0,121.34
21-Sep-2024 18:00,Laundry Service,RR451160,799.86,0.0,423.27
22-Sep-2024 04:00,Local Vegetable Vendor,RR596944,609.12,0.0,408.41
22-Sep-2024 14:00,Fastrack Service Center,RR899645,889.17,0.0,308.96
23-Sep-2024 00:00,Balaji Medicals,RR310348,496.37,0.0,135.13
23-Sep-2024 10:00,Amma Bakery,RR488179,876.47,0.0,317.66
23-Sep-2024 20:00,Star Local Supermarket,RR375866,819.7,0.0,362.66
24-Sep-2024 06:00,Siddeshwara Kirana Store,RR181689,106.52,0.0,256.15
24-Sep-2024 16:00,Fastrack Service Center,RR249909,362.96,0.0,459.57
25-Sep-2024 02:00,Laundry Service,RR249435,481.37,0.0,419.59
25-Sep-2024 12:00,Shell Petrol Bunk,RR135826,251.52,0.0,168.06
25-Sep-2024 22:00,Amma Bakery,RR479845,952.06,0.0,286.75
26-Sep-2024 08:00,Balaji Medicals,RR930432,436.76,0.0,316.37
26-Sep-2024 18:00,Shell Petrol Bunk,RR311137,935.19,0.0,421.11
27-Sep-2024 04:00,Balaji Medicals,RR612492,1064.19,0.0,393.64
27-Sep-2024 14:00,SLV Refreshments,RR993456,823.75,0.0,315.82
28-Sep-2024 00:00,Laundry Service,RR277902,665.23,0.0,177.92
28-Sep-2024 10:00,Nandini Milk Parlour,RR802272,1011.16,0.0,280.34
28-Sep-2024 20:00,Star Local Supermarket,RR210910,399.2,0.0,296.33
29-Sep-2024 06:00,Nandini Milk Parlour,RR627388,107.28,0.0,189.04
29-Sep-2024 16:00,Local Vegetable Vendor,RR235827,1146.76,0.0,304.6
30-Sep-2024 02:00,Auto-UPI Pay,RR654089,884.38,0.0,427.29
30-Sep-2024 12:00,Auto-UPI Pay,RR817103,745.84,0.0,158.27
30-Sep-2024 22:00,Shell Petrol Bunk,RR303909,400.18,0.0,196.04
01-Oct-2024 08:00,Laundry Service,RR903122,1178.03,0.0,349.41
01-Oct-2024 18:00,Star Local Supermarket,RR579721,539.59,0.0,431.24
02-Oct-2024 04:00,Fastrack Service Center,RR404104,1152.07,0.0,426.98
02-Oct-2024 14:00,Shell Petrol Bunk,RR981579,495.07,0.0,261.21
03-Oct-2024 00:00,Star Local Supermarket,RR122231,820.79,0.0,409.19
03-Oct-2024 10:00,Fastrack Service Center,RR469514,236.31,0.0,172.87
03-Oct-2024 20:00,Fastrack Service Center,RR582688,413.77,0.0,477.16
04-Oct-2024 06:00,Local Vegetable Vendor,RR853549,909.06,0.0,113.47
04-Oct-2024 16:00,Local Vegetable Vendor,RR892731,463.71,0.0,352.15
05-Oct-2024 02:00,Fastrack Service Center,RR729184,608.84,0.0,231.2
05-Oct-2024 12:00,Star Local Supermarket,RR263264,143.03,0.0,88.16
05-Oct-2024 22:00,Star Local Supermarket,RR733616,710.81,0.0,340.56
06-Oct-2024 08:00,Fastrack Service Center,RR714859,517.1,0.0,101.07
06-Oct-2024 18:00,Auto-UPI Pay,RR977228,296.03,0.0,270.29
07-Oct-2024 04:00,Star Local Supermarket,RR722868,500.4,0.0,370.09
07-Oct-2024 14:00,Star Local Supermarket,RR281190,309.08,0.0,61.01
08-Oct-2024 00:00,Laundry Service,RR808021,944.07,0.0,198.35
08-Oct-2024 10:00,Shell Petrol Bunk,RR955648,1032.81,0.0,439.46
08-Oct-2024 20:00,SLV Refreshments,RR333860,306.26,0.0,133.2
09-Oct-2024 06:00,Laundry Service,RR635174,785.57,0.0,277.28
09-Oct-2024 16:00,Star Local Supermarket,RR231729,148.79,0.0,128.49
10-Oct-2024 02:00,Shell Petrol Bunk,RR808367,192.56,0.0,107.41
10-Oct-2024 12:00,Laundry Service,RR923480,976.81,0.0,274.63
10-Oct-2024 22:00,Shell Petrol Bunk,RR714970,264.73,0.0,9.9
11-Oct-2024 08:00,Auto-UPI Pay,RR439089,1029.23,0.0,316.03
11-Oct-2024 18:00,Laundry Service,RR448069,287.26,0.0,28.77
12-Oct-2024 04:00,Laundry Service,RR146497,326.2,0.0,387.52
12-Oct-2024 14:00,Amma Bakery,RR811287,349.86,0.0,37.66
13-Oct-2024 00:00,Local Vegetable Vendor,RR620831,161.61,0.0,307.97
13-Oct-2024 10:00,SLV Refreshments,RR401908,304.61,0.0,3.36
13-Oct-2024 20:00,Star Local Supermarket,RR577947,760.53,0.0,376.16
14-Oct-2024 06:00,Auto-UPI Pay,RR332709,710.68,0.0,192.58
14-Oct-2024 16:00,Nandini Milk Parlour,RR713237,234.94,0.0,412.92
15-Oct-2024 02:00,Star Local Supermarket,RR703616,70.86,0.0,342.06
15-Oct-2024 12:00,Shell Petrol Bunk,RR897963,1162.16,0.0,461.52
15-Oct-2024 22:00,Siddeshwara Kirana Store,RR977846,170.7,0.0,290.82
16-Oct-2024 08:00,Fastrack Service Center,RR648766,721.6,0.0,247.28
16-Oct-2024 18:00,Auto-UPI Pay,RR725185,636.75,0.0,283.48
17-Oct-2024 04:00,Shell Petrol Bunk,RR717135,173.03,0.0,110.45
17-Oct-2024 14:00,Fastrack Service Center,RR376711,421.7,0.0,375.24
18-Oct-2024 00:00,SLV Refreshments,RR288984,1061.84,0.0,351.03
18-Oct-2024 10:00,Siddeshwara Kirana Store,RR712084,1055.0,0.0,225.7
18-Oct-2024 20:00,Shell Petrol Bunk,RR457668,505.68,0.0,376.57
19-Oct-2024 06:00,Siddeshwara Kirana Store,RR741514,1073.97,0.0,302.18
19-Oct-2024 16:00,Siddeshwara Kirana Store,RR771785,1113.88,0.0,184.16
20-Oct-2024 02:00,Siddeshwara Kirana Store,RR109559,799.23,0.0,397.24
20-Oct-2024 12:00,Amma Bakery,RR144664,128.6,0.0,268.65
20-Oct-2024 22:00,Fastrack Service Center,RR796611,1185.26,0.0,114.87
21-Oct-2024 08:00,Nandini Milk Parlour,RR669698,512.98,0.0,210.49
21-Oct-2024 18:00,SLV Refreshments,RR153657,118.89,0.0,91.6
22-Oct-2024 04:00,Auto-UPI Pay,RR118647,927.65,0.0,473.38
22-Oct-2024 14:00,Amma Bakery,RR637982,1125.68,0.0,426.78
23-Oct-2024 00:00,Star Local Supermarket,RR962346,960.98,0.0,284.59
23-Oct-2024 10:00,Balaji Medicals,RR909872,116.37,0.0,168.22
23-Oct-2024 20:00,Amma Bakery,RR642936,928.87,0.0,211.24
24-Oct-2024 06:00,SLV Refreshments,RR675317,673.87,0.0,492.58
24-Oct-2024 16:00,Shell Petrol Bunk,RR787083,1115.77,0.0,494.22
25-Oct-2024 02:00,Amma Bakery,RR463953,829.97,0.0,188.76
25-Oct-2024 12:00,Shell Petrol Bunk,RR678213,880.65,0.0,127.46
25-Oct-2024 22:00,Local Vegetable Vendor,RR458068,266.75,0.0,260.9
26-Oct-2024 08:00,Shell Petrol Bunk,RR892572,1000.08,0.0,293.57
26-Oct-2024 18:00,Siddeshwara Kirana Store,RR325982,765.8,0.0,175.56
27-Oct-2024 04:00,Amma Bakery,RR798258,378.89,0.0,270.3
27-Oct-2024 14:00,Fastrack Service Center,RR539597,1088.55,0.0,417.42
28-Oct-2024 00:00,Star Local Supermarket,RR714281,633.11,0.0,430.54
28-Oct-2024 10:00,Laundry Service,RR578882,704.15,0.0,457.6
28-Oct-2024 20:00,Balaji Medicals,RR926409,278.78,0.0,178.82
29-Oct-2024 06:00,Star Local Supermarket,RR292754,809.14,0.0,254.65
29-Oct-2024 16:00,Laundry Service,RR661783,477.19,0.0,404.01
30-Oct-2024 02:00,Auto-UPI Pay,RR520070,379.23,0.0,24.78
30-Oct-2024 12:00,Auto-UPI Pay,RR632304,471.52,0.0,271.1
30-Oct-2024 22:00,Nandini Milk Parlour,RR232305,472.18,0.0,203.51
31-Oct-2024 08:00,Balaji Medicals,RR264464,133.67,0.0,69.84
31-Oct-2024 18:00,Balaji Medicals,RR703298,288.25,0.0,272.1
01-Nov-2024 04:00,Local Vegetable Vendor,RR439458,198.54,0.0,73.56
01-Nov-2024 14:00,SLV Refreshments,RR336764,1040.73,0.0,420.87
02-Nov-2024 00:00,Local Vegetable Vendor,RR163174,1133.37,0.0,428.12
02-Nov-2024 10:00,Laundry Service,RR327638,485.27,0.0,101.99
02-Nov-2024 20:00,Local Vegetable Vendor,RR836433,929.44,0.0,470.31
03-Nov-2024 06:00,Local Vegetable Vendor,RR334841,504.19,0.0,260.84
03-Nov-2024 16:00,Amma Bakery,RR674720,968.46,0.0,449.92
04-Nov-2024 02:00,Auto-UPI Pay,RR587730,137.82,0.0,312.11
04-Nov-2024 12:00,Siddeshwara Kirana Store,RR200682,1093.39,0.0,384.73
04-Nov-2024 22:00,Auto-UPI Pay,RR790465,234.42,0.0,150.31
05-Nov-2024 08:00,Nandini Milk Parlour,RR808762,956.07,0.0,434.74
05-Nov-2024 18:00,Amma Bakery,RR940331,303.97,0.0,130.77
06-Nov-2024 04:00,Amma Bakery,RR964983,1027.1,0.0,241.85
06-Nov-2024 14:00,Auto-UPI Pay,RR459794,56.08,0.0,185.77
07-Nov-2024 00:00,Star Local Supermarket,RR715958,675.85,0.0,286.21
07-Nov-2024 10:00,Fastrack Service Center,RR762700,238.33,0.0,47.89
07-Nov-2024 20:00,Shell Petrol Bunk,RR897080,717.94,0.0,442.87
08-Nov-2024 06:00,Star Local Supermarket,RR576884,1060.52,0.0,427.62
08-Nov-2024 16:00,Amma Bakery,RR207969,121.8,0.0,305.81
09-Nov-2024 02:00,SLV Refreshments,RR979836,273.63,0.0,32.18
09-Nov-2024 12:00,SLV Refreshments,RR253161,803.94,0.0,202.53
09-Nov-2024 22:00,Balaji Medicals,RR613638,215.74,0.0,152.14
10-Nov-2024 08:00,Laundry Service,RR978350,1031.46,0.0,470.24
10-Nov-2024 18:00,Amma Bakery,RR640257,784.8,0.0,401.69
11-Nov-2024 04:00,Balaji Medicals,RR173613,929.61,0.0,256.8
11-Nov-2024 14:00,Shell Petrol Bunk,RR217497,1024.49,0.0,196.51
12-Nov-2024 00:00,Shell Petrol Bunk,RR157772,222.47,0.0,245.19
12-Nov-2024 10:00,Nandini Milk Parlour,RR409277,304.57,0.0,343.98
12-Nov-2024 20:00,Amma Bakery,RR164460,596.84,0.0,210.55
13-Nov-2024 06:00,Shell Petrol Bunk,RR967561,1121.15,0.0,343.3
13-Nov-2024 16:00,Local Vegetable Vendor,RR946778,948.4,0.0,457.25
14-Nov-2024 02:00,Siddeshwara Kirana Store,RR531352,58.59,0.0,398.66
14-Nov-2024 12:00,Auto-UPI Pay,RR641340,1088.26,0.0,270.65
14-Nov-2024 22:00,Local Vegetable Vendor,RR371312,406.62,0.0,270.03
15-Nov-2024 08:00,Amma Bakery,RR200817,531.56,0.0,403.18
15-Nov-2024 18:00,Siddeshwara Kirana Store,RR620868,776.63,0.0,237.79
16-Nov-2024 04:00,Balaji Medicals,RR448023,619.73,0.0,386.99
16-Nov-2024 14:00,SLV Refreshments,RR759136,210.56,0.0,176.43
17-Nov-2024 00:00,Nandini Milk Parlour,RR948141,1008.26,0.0,219.62
17-Nov-2024 10:00,Auto-UPI Pay,RR749876,504.37,0.0,135.83
17-Nov-2024 20:00,Auto-UPI Pay,RR848830,473.49,0.0,302.78
18-Nov-2024 06:00,Laundry Service,RR958532,529.06,0.0,385.75
18-Nov-2024 16:00,Auto-UPI Pay,RR743626,676.5,0.0,316.39
19-Nov-2024 02:00,Balaji Medicals,RR263620,249.53,0.0,66.86
19-Nov-2024 12:00,Shell Petrol Bunk,RR736812,138.77,0.0,193.97
19-Nov-2024 22:00,Fastrack Service Center,RR599848,1133.03,0.0,314.99
20-Nov-2024 08:00,SLV Refreshments,RR704495,471.66,0.0,111.99
20-Nov-2024 18:00,Local Vegetable Vendor,RR128388,793.13,0.0,435.73
21-Nov-2024 04:00,Local Vegetable Vendor,RR818741,186.38,0.0,249.36
21-Nov-2024 14:00,Balaji Medicals,RR117374,318.28,0.0,232.88
22-Nov-2024 00:00,Siddeshwara Kirana Store,RR812083,562.76,0.0,314.7
22-Nov-2024 10:00,SLV Refreshments,RR655131,267.29,0.0,47.41
22-Nov-2024 20:00,Laundry Service,RR976137,351.58,0.0,276.44
23-Nov-2024 06:00,Laundry Service,RR270425,643.59,0.0,142.27
23-Nov-2024 16:00,Auto-UPI Pay,RR562903,749.06,0.0,366.4
24-Nov-2024 02:00,Fastrack Service Center,RR258723,1168.85,0.0,418.29
24-Nov-2024 12:00,Laundry Service,RR909118,369.79,0.0,48.5
24-Nov-2024 22:00,Nandini Milk Parlour,RR184469,1182.93,0.0,266.83
25-Nov-2024 08:00,Siddeshwara Kirana Store,RR655591,775.95,0.0,148.49
25-Nov-2024 18:00,Siddeshwara Kirana Store,RR739751,51.31,0.0,97.18
26-Nov-2024 04:00,Star Local Supermarket,RR323328,853.01,0.0,488.79
26-Nov-2024 14:00,Shell Petrol Bunk,RR854973,880.02,0.0,341.79
27-Nov-2024 00:00,Laundry Service,RR840907,428.11,0.0,269.13
27-Nov-2024 10:00,Nandini Milk Parlour,RR140519,912.99,0.0,305.92
27-Nov-2024 20:00,Balaji Medicals,RR200310,141.5,0.0,164.41
28-Nov-2024 06:00,Balaji Medicals,RR481062,481.33,0.0,274.58
28-Nov-2024 16:00,Shell Petrol Bunk,RR149316,1051.54,0.0,210.5
29-Nov-2024 02:00,Shell Petrol Bunk,RR578298,1094.19,0.0,305.75
29-Nov-2024 12:00,Amma Bakery,RR782696,672.37,0.0,351.58
29-Nov-2024 22:00,Star Local Supermarket,RR972603,1100.06,0.0,133.13
30-Nov-2024 08:00,Siddeshwara Kirana Store,RR944412,96.85,0.0,36.27
30-Nov-2024 18:00,Local Vegetable Vendor,RR646177,439.75,0.0,280.84
01-Dec-2024 04:00,Balaji Medicals,RR308756,568.53,0.0,149.82
01-Dec-2024 14:00,Siddeshwara Kirana Store,RR253394,768.2,0.0,332.32
02-Dec-2024 00:00,Shell Petrol Bunk,RR901600,806.22,0.0,182.09
02-Dec-2024 10:00,Amma Bakery,RR541952,975.68,0.0,430.67
02-Dec-2024 20:00,Star Local Supermarket,RR586102,827.78,0.0,289.09
03-Dec-2024 06:00,Siddeshwara Kirana Store,RR647920,223.06,0.0,66.03
03-Dec-2024 16:00,Shell Petrol Bunk,RR266211,778.76,0.0,216.78
04-Dec-2024 02:00,Auto-UPI Pay,RR946620,51.05,0.0,165.74
04-Dec-2024 12:00,Nandini Milk Parlour,RR332318,968.62,0.0,237.9
04-Dec-2024 22:00,Balaji Medicals,RR709250,500.46,0.0,126.12
05-Dec-2024 08:00,Balaji Medicals,RR174102,364.16,0.0,307.34
05-Dec-2024 18:00,Balaji Medicals,RR336962,1131.76,0.0,445.17
06-Dec-2024 04:00,Local Vegetable Vendor,RR508179,725.94,0.0,264.54
06-Dec-2024 14:00,Auto-UPI Pay,RR530255,256.06,0.0,8.48
07-Dec-2024 00:00,Nandini Milk Parlour,RR806831,201.06,0.0,488.96
07-Dec-2024 10:00,Star Local Supermarket,RR629662,1019.39,0.0,447.0
07-Dec-2024 20:00,Local Vegetable Vendor,RR251886,1094.25,0.0,458.36
08-Dec-2024 06:00,Laundry Service,RR505922,1058.77,0.0,128.41
08-Dec-2024 16:00,Star Local Supermarket,RR301354,348.57,0.0,186.3
09-Dec-2024 02:00,Siddeshwara Kirana Store,RR885764,668.49,0.0,456.35
09-Dec-2024 12:00,Auto-UPI Pay,RR839609,1092.5,0.0,120.43
09-Dec-2024 22:00,SLV Refreshments,RR327818,1193.19,0.0,412.35
10-Dec-2024 08:00,Local Vegetable Vendor,RR852334,574.96,0.0,357.69
10-Dec-2024 18:00,Nandini Milk Parlour,RR479737,485.34,0.0,205.75
11-Dec-2024 04:00,Star Local Supermarket,RR721363,479.76,0.0,376.34
11-Dec-2024 14:00,Nandini Milk Parlour,RR125229,83.27,0.0,293.07
12-Dec-2024 00:00,Shell Petrol Bunk,RR250355,293.44,0.0,217.12
12-Dec-2024 10:00,Siddeshwara Kirana Store,RR965947,402.5,0.0,163.37
12-Dec-2024 20:00,Amma Bakery,RR115150,531.88,0.0,290.17
13-Dec-2024 06:00,SLV Refreshments,RR662631,797.26,0.0,102.5
13-Dec-2024 16:00,Auto-UPI Pay,RR596398,107.55,0.0,476.57
14-Dec-2024 02:00,Balaji Medicals,RR928960,354.89,0.0,121.68
14-Dec-2024 12:00,Nandini Milk Parlour,RR321539,535.93,0.0,167.14
14-Dec-2024 22:00,Shell Petrol Bunk,RR555513,808.1,0.0,266.85
15-Dec-2024 08:00,Auto-UPI Pay,RR280223,529.17,0.0,232.1
15-Dec-2024 18:00,Star Local Supermarket,RR232895,469.83,0.0,277.61
16-Dec-2024 04:00,Balaji Medicals,RR832912,936.34,0.0,392.75
16-Dec-2024 14:00,Balaji Medicals,RR910590,694.27,0.0,415.38
17-Dec-2024 00:00,Auto-UPI Pay,RR174481,748.44,0.0,343.71
17-Dec-2024 10:00,Laundry Service,RR555188,775.58,0.0,404.7
17-Dec-2024 20:00,Fastrack Service Center,RR837105,598.96,0.0,371.18
18-Dec-2024 06:00,Star Local Supermarket,RR397282,1127.37,0.0,382.65
18-Dec-2024 16:00,Auto-UPI Pay,RR474838,675.82,0.0,233.63
19-Dec-2024 02:00,Star Local Supermarket,RR449369,978.61,0.0,134.01
19-Dec-2024 12:00,Shell Petrol Bunk,RR632868,175.27,0.0,180.31
19-Dec-2024 22:00,Auto-UPI Pay,RR335106,799.12,0.0,445.91
20-Dec-2024 08:00,Laundry Service,RR560225,902.44,0.0,394.67
20-Dec-2024 18:00,Laundry Service,RR878388,371.31,0.0,23.36
21-Dec-2024 04:00,Balaji Medicals,RR211485,1153.93,0.0,211.7
21-Dec-2024 14:00,Siddeshwara Kirana Store,RR483537,814.83,0.0,492.03
22-Dec-2024 00:00,Star Local Supermarket,RR694350,764.24,0.0,307.58
22-Dec-2024 10:00,SLV Refreshments,RR290483,849.72,0.0,106.47
22-Dec-2024 20:00,SLV Refreshments,RR648499,312.99,0.0,198.21
23-Dec-2024 06:00,Local Vegetable Vendor,RR204780,897.74,0.0,463.64
23-Dec-2024 16:00,Auto-UPI Pay,RR454562,783.66,0.0,356.95
24-Dec-2024 02:00,Star Local Supermarket,RR888632,187.49,0.0,169.46
24-Dec-2024 12:00,Balaji Medicals,RR200691,782.73,0.0,411.12
24-Dec-2024 22:00,Laundry Service,RR981932,999.62,0.0,211.9
25-Dec-2024 08:00,Shell Petrol Bunk,RR884820,252.97,0.0,422.36
25-Dec-2024 18:00,Amma Bakery,RR476706,1042.77,0.0,304.79
26-Dec-2024 04:00,Fastrack Service Center,RR877596,750.24,0.0,223.67
26-Dec-2024 14:00,Balaji Medicals,RR682510,841.14,0.0,443.08
27-Dec-2024 00:00,Nandini Milk Parlour,RR491164,394.94,0.0,48.14
27-Dec-2024 10:00,Shell Petrol Bunk,RR515756,197.67,0.0,496.77
27-Dec-2024 20:00,Star Local Supermarket,RR776113,931.57,0.0,499.13
28-Dec-2024 06:00,SLV Refreshments,RR573220,603.93,0.0,231.62
28-Dec-2024 16:00,Fastrack Service Center,RR340166,829.69,0.0,460.59
29-Dec-2024 02:00,Laundry Service,RR544124,510.86,0.0,105.94
29-Dec-2024 12:00,Auto-UPI Pay,RR655253,716.56,0.0,463.42
29-Dec-2024 22:00,SLV Refreshments,RR373781,305.53,0.0,157.89
30-Dec-2024 08:00,Amma Bakery,RR609054,556.06,0.0,172.19
30-Dec-2024 18:00,Nandini Milk Parlour,RR188130,542.36,0.0,365.62
31-Dec-2024 04:00,Nandini Milk Parlour,RR243997,875.62,0.0,106.94
31-Dec-2024 14:00,SLV Refreshments,RR415300,159.24,0.0,451.54
01-Jan-2025 00:00,Fastrack Service Center,RR377671,509.94,0.0,342.67
01-Jan-2025 10:00,Fastrack Service Center,RR943800,962.69,0.0,388.54
01-Jan-2025 20:00,Star Local Supermarket,RR651870,362.56,0.0,25.98
02-Jan-2025 06:00,Balaji Medicals,RR675556,1159.95,0.0,115.26
02-Jan-2025 16:00,Star Local Supermarket,RR747976,757.22,0.0,394.81
03-Jan-2025 02:00,Nandini Milk Parlour,RR521789,364.61,0.0,30.2
03-Jan-2025 12:00,Fastrack Service Center,RR657243,267.09,0.0,381.71
03-Jan-2025 22:00,Siddeshwara Kirana Store,RR143985,151.73,0.0,229.98
04-Jan-2025 08:00,SLV Refreshments,RR995108,686.82,0.0,423.35
04-Jan-2025 18:00,Shell Petrol Bunk,RR634222,570.12,0.0,289.46
05-Jan-2025 04:00,Laundry Service,RR200502,553.64,0.0,176.16
05-Jan-2025 14:00,Local Vegetable Vendor,RR848219,513.29,0.0,338.74
06-Jan-2025 00:00,SLV Refreshments,RR617726,701.58,0.0,399.37
06-Jan-2025 10:00,Auto-UPI Pay,RR351853,309.92,0.0,89.45
06-Jan-2025 20:00,Fastrack Service Center,RR161106,498.38,0.0,188.8
07-Jan-2025 06:00,Amma Bakery,RR803834,662.35,0.0,104.08
07-Jan-2025 16:00,Auto-UPI Pay,RR165333,1129.69,0.0,474.51
08-Jan-2025 02:00,Star Local Supermarket,RR745952,370.14,0.0,104.37
08-Jan-2025 12:00,Nandini Milk Parlour,RR616625,548.55,0.0,314.26
08-Jan-2025 22:00,Star Local Supermarket,RR869017,256.85,0.0,57.41
09-Jan-2025 08:00,Shell Petrol Bunk,RR713678,425.18,0.0,353.48
09-Jan-2025 18:00,Nandini Milk Parlour,RR834286,543.78,0.0,339.55
10-Jan-2025 04:00,Nandini Milk Parlour,RR386316,156.08,0.0,183.47
10-Jan-2025 14:00,Siddeshwara Kirana Store,RR866627,650.66,0.0,320.32
11-Jan-2025 00:00,Shell Petrol Bunk,RR693883,357.0,0.0,139.74
11-Jan-2025 10:00,Local Vegetable Vendor,RR670997,722.02,0.0,253.99
11-Jan-2025 20:00,Laundry Service,RR121068,295.49,0.0,405.38
12-Jan-2025 06:00,Balaji Medicals,RR462793,712.58,0.0,263.52
12-Jan-2025 16:00,Amma Bakery,RR333620,974.35,0.0,147.28
13-Jan-2025 02:00,Siddeshwara Kirana Store,RR881269,683.64,0.0,139.03
13-Jan-2025 12:00,Laundry Service,RR924147,382.62,0.0,122.08
13-Jan-2025 22:00,Local Vegetable Vendor,RR357950,1163.24,0.0,370.59
14-Jan-2025 08:00,Shell Petrol Bunk,RR481357,771.54,0.0,442.04
14-Jan-2025 18:00,Star Local Supermarket,RR573298,863.71,0.0,215.23
15-Jan-2025 04:00,Star Local Supermarket,RR362115,80.87,0.0,134.36
15-Jan-2025 14:00,Amma Bakery,RR324062,610.28,0.0,346.3
16-Jan-2025 00:00,Amma Bakery,RR764559,657.91,0.0,160.13
16-Jan-2025 10:00,Auto-UPI Pay,RR214636,1020.97,0.0,291.11
16-Jan-2025 20:00,Amma Bakery,RR126933,474.63,0.0,273.7
17-Jan-2025 06:00,Star Local Supermarket,RR820065,1178.07,0.0,170.99
17-Jan-2025 16:00,Balaji Medicals,RR955399,418.18,0.0,486.74
18-Jan-2025 02:00,Auto-UPI Pay,RR641139,120.09,0.0,366.65
18-Jan-2025 12:00,Auto-UPI Pay,RR619043,288.45,0.0,78.19
18-Jan-2025 22:00,Balaji Medicals,RR817357,638.15,0.0,110.95
19-Jan-2025 08:00,SLV Refreshments,RR518692,792.76,0.0,455.55
19-Jan-2025 18:00,Nandini Milk Parlour,RR143072,467.47,0.0,269.93
20-Jan-2025 04:00,Shell Petrol Bunk,RR922949,429.49,0.0,222.68
20-Jan-2025 14:00,Nandini Milk Parlour,RR592211,908.29,0.0,325.96
21-Jan-2025 00:00,Nandini Milk Parlour,RR975035,712.54,0.0,249.73
21-Jan-2025 10:00,Shell Petrol Bunk,RR180853,920.09,0.0,463.12
21-Jan-2025 20:00,Auto-UPI Pay,RR550142,991.54,0.0,409.13
22-Jan-2025 06:00,Shell Petrol Bunk,RR387174,1100.37,0.0,390.97
22-Jan-2025 16:00,Star Local Supermarket,RR920955,344.29,0.0,46.68
23-Jan-2025 02:00,Star Local Supermarket,RR223249,1135.33,0.0,141.72
23-Jan-2025 12:00,Shell Petrol Bunk,RR302730,386.88,0.0,345.43
23-Jan-2025 22:00,Laundry Service,RR349857,502.11,0.0,444.35
24-Jan-2025 08:00,Auto-UPI Pay,RR227557,319.06,0.0,125.29
24-Jan-2025 18:00,Nandini Milk Parlour,RR264803,390.56,0.0,362.48
25-Jan-2025 04:00,Siddeshwara Kirana Store,RR435621,629.83,0.0,267.91
25-Jan-2025 14:00,Amma Bakery,RR695267,358.48,0.0,469.08
26-Jan-2025 00:00,Laundry Service,RR963057,286.03,0.0,183.05
26-Jan-2025 10:00,Balaji Medicals,RR625125,379.4,0.0,448.96
26-Jan-2025 20:00,Nandini Milk Parlour,RR835992,1020.13,0.0,347.63
27-Jan-2025 06:00,Star Local Supermarket,RR747729,238.09,0.0,109.54
27-Jan-2025 16:00,Shell Petrol Bunk,RR135751,291.91,0.0,352.18
28-Jan-2025 02:00,Siddeshwara Kirana Store,RR485679,175.62,0.0,176.56
28-Jan-2025 12:00,Star Local Supermarket,RR450482,664.71,0.0,356.54
28-Jan-2025 22:00,Laundry Service,RR521617,906.38,0.0,224.79
29-Jan-2025 08:00,Amma Bakery,RR171192,123.65,0.0,101.14
29-Jan-2025 18:00,Auto-UPI Pay,RR919215,900.64,0.0,410.98
30-Jan-2025 04:00,Nandini Milk Parlour,RR537755,180.78,0.0,230.19
30-Jan-2025 14:00,Siddeshwara Kirana Store,RR817512,275.29,0.0,469.63
31-Jan-2025 00:00,Shell Petrol Bunk,RR266852,931.18,0.0,206.11
31-Jan-2025 10:00,Fastrack Service Center,RR796889,1022.54,0.0,315.41
31-Jan-2025 20:00,Nandini Milk Parlour,RR820009,91.9,0.0,223.51
01-Feb-2025 06:00,Star Local Supermarket,RR778342,581.17,0.0,372.87
01-Feb-2025 16:00,Shell Petrol Bunk,RR978977,470.38,0.0,276.35
02-Feb-2025 02:00,SLV Refreshments,RR423653,348.34,0.0,117.77
02-Feb-2025 12:00,Fastrack Service Center,RR662274,287.93,0.0,113.39
02-Feb-2025 22:00,Amma Bakery,RR186784,922.71,0.0,333.57
03-Feb-2025 08:00,Balaji Medicals,RR261219,64.24,0.0,269.33
03-Feb-2025 18:00,Balaji Medicals,RR963818,658.12,0.0,433.33
04-Feb-2025 04:00,Local Vegetable Vendor,RR965376,199.84,0.0,233.49
04-Feb-2025 14:00,Local Vegetable Vendor,RR195884,1104.87,0.0,212.08
05-Feb-2025 00:00,Shell Petrol Bunk,RR758687,617.13,0.0,125.27
05-Feb-2025 10:00,Balaji Medicals,RR612779,1148.95,0.0,206.01
05-Feb-2025 20:00,Local Vegetable Vendor,RR236546,529.82,0.0,311.97
06-Feb-2025 06:00,Amma Bakery,RR344783,883.17,0.0,158.74
06-Feb-2025 16:00,Star Local Supermarket,RR579241,954.8,0.0,424.36
07-Feb-2025 02:00,SLV Refreshments,RR191657,66.17,0.0,358.19
07-Feb-2025 12:00,Siddeshwara Kirana Store,RR893694,244.5,0.0,113.68
07-Feb-2025 22:00,Shell Petrol Bunk,RR507831,288.48,0.0,293.7
08-Feb-2025 08:00,Star Local Supermarket,RR495554,507.83,0.0,425.41
08-Feb-2025 18:00,Amma Bakery,RR238905,758.13,0.0,114.12
09-Feb-2025 04:00,Shell Petrol Bunk,RR769788,972.97,0.0,331.32
09-Feb-2025 14:00,Local Vegetable Vendor,RR955836,676.03,0.0,118.04
10-Feb-2025 00:00,Balaji Medicals,RR796511,1078.78,0.0,407.9
10-Feb-2025 10:00,Laundry Service,RR183958,896.22,0.0,260.16
10-Feb-2025 20:00,Shell Petrol Bunk,RR110364,309.71,0.0,139.17
11-Feb-2025 06:00,Laundry Service,RR181734,315.43,0.0,233.64
11-Feb-2025 16:00,Fastrack Service Center,RR189210,498.28,0.0,371.22
12-Feb-2025 02:00,Star Local Supermarket,RR754033,352.4,0.0,18.82
12-Feb-2025 12:00,Auto-UPI Pay,RR233952,1115.47,0.0,137.13
12-Feb-2025 22:00,Star Local Supermarket,RR748148,537.15,0.0,331.58
13-Feb-2025 08:00,Amma Bakery,RR696028,648.21,0.0,142.39
13-Feb-2025 18:00,Nandini Milk Parlour,RR296971,364.14,0.0,395.59
14-Feb-2025 04:00,Siddeshwara Kirana Store,RR597214,649.04,0.0,385.56
14-Feb-2025 14:00,Shell Petrol Bunk,RR314718,199.8,0.0,185.75
15-Feb-2025 00:00,Shell Petrol Bunk,RR556031,746.1,0.0,265.83
15-Feb-2025 10:00,Star Local Supermarket,RR279702,1148.03,0.0,312.21
15-Feb-2025 20:00,Auto-UPI Pay,RR781733,482.34,0.0,173.27
16-Feb-2025 06:00,Balaji Medicals,RR885078,813.17,0.0,343.42
16-Feb-2025 16:00,Siddeshwara Kirana Store,RR460593,851.19,0.0,228.01
17-Feb-2025 02:00,Laundry Service,RR302841,256.19,0.0,412.52
17-Feb-2025 12:00,Amma Bakery,RR851911,244.02,0.0,168.5
17-Feb-2025 22:00,Nandini Milk Parlour,RR816800,1191.84,0.0,377.81
18-Feb-2025 08:00,Siddeshwara Kirana Store,RR316126,667.69,0.0,117.37
18-Feb-2025 18:00,Balaji Medicals,RR299695,177.66,0.0,100.7
19-Feb-2025 04:00,Balaji Medicals,RR831795,365.84,0.0,214.95
19-Feb-2025 14:00,Star Local Supermarket,RR223433,361.34,0.0,332.99
20-Feb-2025 00:00,Balaji Medicals,RR239327,390.44,0.0,171.04
20-Feb-2025 10:00,SLV Refreshments,RR215216,755.98,0.0,415.91
20-Feb-2025 20:00,Amma Bakery,RR518993,400.96,0.0,14.95
21-Feb-2025 06:00,Nandini Milk Parlour,RR682482,784.12,0.0,498.13
21-Feb-2025 16:00,Shell Petrol Bunk,RR130205,925.11,0.0,295.67
22-Feb-2025 02:00,Laundry Service,RR662719,1133.77,0.0,486.23
22-Feb-2025 12:00,Laundry Service,RR839393,754.57,0.0,329.0
22-Feb-2025 22:00,Local Vegetable Vendor,RR752200,872.48,0.0,168.6
23-Feb-2025 08:00,Balaji Medicals,RR335003,465.05,0.0,313.16
23-Feb-2025 18:00,Siddeshwara Kirana Store,RR487401,164.16,0.0,148.99
24-Feb-2025 04:00,Siddeshwara Kirana Store,RR560637,864.72,0.0,473.35
24-Feb-2025 14:00,SLV Refreshments,RR806735,302.09,0.0,171.27
25-Feb-2025 00:00,Local Vegetable Vendor,RR672861,916.82,0.0,342.23
25-Feb-2025 10:00,Laundry Service,RR271729,1048.35,0.0,131.49
25-Feb-2025 20:00,Star Local Supermarket,RR425248,703.8,0.0,483.12
26-Feb-2025 06:00,Local Vegetable Vendor,RR374530,782.24,0.0,310.51
26-Feb-2025 16:00,Amma Bakery,RR475984,89.87,0.0,220.64
27-Feb-2025 02:00,Local Vegetable Vendor,RR440293,788.04,0.0,402.06
27-Feb-2025 12:00,Shell Petrol Bunk,RR802010,336.97,0.0,65.08
27-Feb-2025 22:00,Balaji Medicals,RR720627,360.72,0.0,181.8
28-Feb-2025 08:00,Nandini Milk Parlour,RR975263,563.99,0.0,245.17
28-Feb-2025 18:00,Fastrack Service Center,RR664282,453.19,0.0,342.86
01-Mar-2025 04:00,Amma Bakery,RR241765,616.83,0.0,111.17
01-Mar-2025 14:00,Siddeshwara Kirana Store,RR619839,503.64,0.0,101.18
02-Mar-2025 00:00,Local Vegetable Vendor,RR555760,1018.74,0.0,382.56
02-Mar-2025 10:00,Balaji Medicals,RR385739,578.28,0.0,377.03
02-Mar-2025 20:00,Auto-UPI Pay,RR540692,954.73,0.0,328.02
03-Mar-2025 06:00,Nandini Milk Parlour,RR574968,1045.93,0.0,180.9
03-Mar-2025 16:00,Siddeshwara Kirana Store,RR501572,569.0,0.0,495.2
04-Mar-2025 02:00,Siddeshwara Kirana Store,RR475639,931.34,0.0,424.41
04-Mar-2025 12:00,Nandini Milk Parlour,RR221939,1131.25,0.0,151.94
04-Mar-2025 22:00,Amma Bakery,RR226540,599.92,0.0,383.48
05-Mar-2025 08:00,Fastrack Service Center,RR333137,255.96,0.0,127.52
05-Mar-2025 18:00,Star Local Supermarket,RR743572,960.74,0.0,438.27
06-Mar-2025 04:00,Fastrack Service Center,RR269196,925.24,0.0,366.75
06-Mar-2025 14:00,SLV Refreshments,RR199579,850.08,0.0,253.89
07-Mar-2025 00:00,Amma Bakery,RR359410,1029.65,0.0,199.97
07-Mar-2025 10:00,Siddeshwara Kirana Store,RR871536,873.63,0.0,422.48
07-Mar-2025 20:00,SLV Refreshments,RR520013,78.68,0.0,343.8
08-Mar-2025 06:00,Fastrack Service Center,RR698801,223.63,0.0,120.17
08-Mar-2025 16:00,Laundry Service,RR802039,387.41,0.0,177.91
09-Mar-2025 02:00,Fastrack Service Center,RR826610,1134.16,0.0,188.62
09-Mar-2025 12:00,Auto-UPI Pay,RR162334,271.43,0.0,158.99
09-Mar-2025 22:00,Siddeshwara Kirana Store,RR936794,167.06,0.0,267.71
10-Mar-2025 08:00,Local Vegetable Vendor,RR418095,432.3,0.0,125.89
10-Mar-2025 18:00,Nandini Milk Parlour,RR756189,932.09,0.0,225.8
11-Mar-2025 04:00,Laundry Service,RR280521,297.05,0.0,465.7
11-Mar-2025 14:00,Siddeshwara Kirana Store,RR650486,612.22,0.0,424.62
12-Mar-2025 00:00,Siddeshwara Kirana Store,RR167913,829.61,0.0,259.52
12-Mar-2025 10:00,Auto-UPI Pay,RR669422,51.76,0.0,207.76
12-Mar-2025 20:00,Nandini Milk Parlour,RR165882,604.28,0.0,239.12
13-Mar-2025 06:00,Balaji Medicals,RR557961,1012.86,0.0,192.38
13-Mar-2025 16:00,Fastrack Service Center,RR724830,822.66,0.0,342.88
14-Mar-2025 02:00,Star Local Supermarket,RR729284,891.06,0.0,131.06
14-Mar-2025 12:00,Star Local Supermarket,RR490188,540.57,0.0,325.38
14-Mar-2025 22:00,Shell Petrol Bunk,RR510176,871.47,0.0,332.67
15-Mar-2025 08:00,Auto-UPI Pay,RR406347,985.88,0.0,326.18
15-Mar-2025 18:00,Amma Bakery,RR166761,493.0,0.0,375.2
16-Mar-2025 04:00,Star Local Supermarket,RR714887,714.68,0.0,443.37
16-Mar-2025 14:00,Local Vegetable Vendor,RR137237,533.85,0.0,195.51
17-Mar-2025 00:00,Auto-UPI Pay,RR992143,58.05,0.0,137.46
17-Mar-2025 10:00,SLV Refreshments,RR854383,69.15,0.0,68.31
17-Mar-2025 20:00,Auto-UPI Pay,RR726212,690.66,0.0,486.93
18-Mar-2025 06:00,Auto-UPI Pay,RR816716,209.3,0.0,277.63
18-Mar-2025 16:00,Amma Bakery,RR218363,331.79,0.0,411.17
19-Mar-2025 02:00,Star Local Supermarket,RR172809,196.3,0.0,214.87
19-Mar-2025 12:00,Nandini Milk Parlour,RR861727,484.74,0.0,262.98
19-Mar-2025 22:00,Siddeshwara Kirana Store,RR905151,1194.83,0.0,126.44
20-Mar-2025 08:00,Shell Petrol Bunk,RR851184,283.93,0.0,157.93
20-Mar-2025 18:00,Local Vegetable Vendor,RR645565,568.37,0.0,473.74
21-Mar-2025 04:00,SLV Refreshments,RR224105,490.33,0.0,484.97
21-Mar-2025 14:00,SLV Refreshments,RR764863,474.65,0.0,10.31
22-Mar-2025 00:00,Star Local Supermarket,RR868927,233.2,0.0,430.24
22-Mar-2025 10:00,Auto-UPI Pay,RR994945,315.74,0.0,114.5
22-Mar-2025 20:00,Auto-UPI Pay,RR517007,710.48,0.0,373.13
23-Mar-2025 06:00,Amma Bakery,RR776165,248.09,0.0,125.04
23-Mar-2025 16:00,Auto-UPI Pay,RR149924,303.68,0.0,254.66
24-Mar-2025 02:00,Laundry Service,RR820408,704.82,0.0,384.56
24-Mar-2025 12:00,Balaji Medicals,RR631069,1011.92,0.0,443.3
24-Mar-2025 22:00,Nandini Milk Parlour,RR227409,947.77,0.0,246.54
25-Mar-2025 08:00,Local Vegetable Vendor,RR360229,214.75,0.0,31.8
25-Mar-2025 18:00,SLV Refreshments,RR273951,1022.48,0.0,495.73
26-Mar-2025 04:00,Shell Petrol Bunk,RR308346,244.83,0.0,250.9
26-Mar-2025 14:00,Laundry Service,RR569972,217.1,0.0,33.8
27-Mar-2025 00:00,Star Local Supermarket,RR344901,854.2,0.0,458.0
27-Mar-2025 10:00,Star Local Supermarket,RR756232,275.98,0.0,182.01
27-Mar-2025 20:00,Star Local Supermarket,RR537622,312.65,0.0,418.97
28-Mar-2025 06:00,SLV Refreshments,RR129143,314.51,0.0,104.47
28-Mar-2025 16:00,Shell Petrol Bunk,RR676864,832.22,0.0,297.15
29-Mar-2025 02:00,Amma Bakery,RR859876,378.85,0.0,255.34
29-Mar-2025 12:00,Auto-UPI Pay,RR677809,714.78,0.0,172.35
29-Mar-2025 22:00,Balaji Medicals,RR493686,368.87,0.0,469.43
30-Mar-2025 08:00,SLV Refreshments,RR190081,810.71,0.0,463.27
30-Mar-2025 18:00,Siddeshwara Kirana Store,RR478021,601.67,0.0,293.93
31-Mar-2025 04:00,Amma Bakery,RR626916,538.72,0.0,261.49
31-Mar-2025 14:00,Star Local Supermarket,RR158111,439.4,0.0,413.22
01-Apr-2025 00:00,SLV Refreshments,RR219231,401.59,0.0,11.63
01-Apr-2025 10:00,Amma Bakery,RR678078,464.52,0.0,491.04
01-Apr-2025 20:00,Shell Petrol Bunk,RR114267,964.16,0.0,348.26
02-Apr-2025 06:00,Auto-UPI Pay,RR447047,514.42,0.0,112.84
02-Apr-2025 16:00,Local Vegetable Vendor,RR650105,510.72,0.0,265.49
03-Apr-2025 02:00,Siddeshwara Kirana Store,RR396073,112.83,0.0,152.66
03-Apr-2025 12:00,Fastrack Service Center,RR360504,357.44,0.0,467.99
03-Apr-2025 22:00,Star Local Supermarket,RR639166,1062.43,0.0,322.84
04-Apr-2025 08:00,Siddeshwara Kirana Store,RR401417,1046.31,0.0,486.27
04-Apr-2025 18:00,Balaji Medicals,RR445373,1119.94,0.0,170.9
05-Apr-2025 04:00,Auto-UPI Pay,RR517750,62.96,0.0,107.94
05-Apr-2025 14:00,Star Local Supermarket,RR786039,1005.89,0.0,114.43
06-Apr-2025 00:00,Nandini Milk Parlour,RR573690,166.39,0.0,483.43
06-Apr-2025 10:00,Auto-UPI Pay,RR803896,1039.58,0.0,132.36
06-Apr-2025 20:00,Nandini Milk Parlour,RR794441,486.32,0.0,125.07
07-Apr-2025 06:00,Balaji Medicals,RR237349,672.77,0.0,299.44
07-Apr-2025 16:00,Fastrack Service Center,RR168311,300.07,0.0,237.38
08-Apr-2025 02:00,Amma Bakery,RR234159,246.86,0.0,214.37
08-Apr-2025 12:00,Nandini Milk Parlour,RR773039,397.77,0.0,144.74
08-Apr-2025 22:00,Local Vegetable Vendor,RR892044,364.17,0.0,250.97
09-Apr-2025 08:00,Local Vegetable Vendor,RR313329,1085.25,0.0,419.73
09-Apr-2025 18:00,Amma Bakery,RR953985,894.74,0.0,236.44
10-Apr-2025 04:00,SLV Refreshments,RR838522,445.37,0.0,406.25
10-Apr-2025 14:00,Amma Bakery,RR112249,229.23,0.0,177.01
11-Apr-2025 00:00,Auto-UPI Pay,RR470538,242.84,0.0,307.16
11-Apr-2025 10:00,Shell Petrol Bunk,RR599831,182.33,0.0,124.82
11-Apr-2025 20:00,Local Vegetable Vendor,RR670955,824.99,0.0,178.47
12-Apr-2025 06:00,Amma Bakery,RR634176,985.43,0.0,489.55
12-Apr-2025 16:00,Balaji Medicals,RR901092,330.19,0.0,159.36
13-Apr-2025 02:00,Balaji Medicals,RR352716,957.77,0.0,390.56
13-Apr-2025 12:00,Nandini Milk Parlour,RR383912,954.41,0.0,232.05
13-Apr-2025 22:00,Nandini Milk Parlour,RR205767,717.27,0.0,401.49
14-Apr-2025 08:00,Auto-UPI Pay,RR436528,519.92,0.0,305.21
14-Apr-2025 18:00,Laundry Service,RR872846,248.98,0.0,56.23
15-Apr-2025 04:00,Fastrack Service Center,RR883183,473.56,0.0,258.73
15-Apr-2025 14:00,Nandini Milk Parlour,RR498471,532.87,0.0,354.98
16-Apr-2025 00:00,Balaji Medicals,RR862932,1094.92,0.0,418.55
16-Apr-2025 10:00,SLV Refreshments,RR656857,166.53,0.0,252.02
16-Apr-2025 20:00,SLV Refreshments,RR172620,1167.49,0.0,168.6
17-Apr-2025 06:00,Laundry Service,RR371319,390.85,0.0,278.26
17-Apr-2025 16:00,Siddeshwara Kirana Store,RR821366,115.24,0.0,163.02
18-Apr-2025 02:00,Balaji Medicals,RR148258,671.84,0.0,382.54
18-Apr-2025 12:00,Local Vegetable Vendor,RR621644,1052.69,0.0,366.87
18-Apr-2025 22:00,Laundry Service,RR845302,899.22,0.0,230.79
19-Apr-2025 08:00,Local Vegetable Vendor,RR476367,825.3,0.0,464.7
19-Apr-2025 18:00,Auto-UPI Pay,RR317843,429.89,0.0,34.81
20-Apr-2025 04:00,Balaji Medicals,RR904709,89.88,0.0,130.44
20-Apr-2025 14:00,Auto-UPI Pay,RR323006,790.01,0.0,265.36
21-Apr-2025 00:00,Siddeshwara Kirana Store,RR318651,736.75,0.0,224.28
21-Apr-2025 10:00,Amma Bakery,RR993833,858.87,0.0,490.49
21-Apr-2025 20:00,Star Local Supermarket,RR738869,379.09,0.0,111.39
22-Apr-2025 06:00,Star Local Supermarket,RR246807,880.64,0.0,176.7
22-Apr-2025 16:00,Siddeshwara Kirana Store,RR104695,278.08,0.0,366.58
23-Apr-2025 02:00,Shell Petrol Bunk,RR705914,756.73,0.0,160.95
23-Apr-2025 12:00,Star Local Supermarket,RR864801,964.59,0.0,442.25
23-Apr-2025 22:00,Fastrack Service Center,RR816785,917.6,0.0,475.99
24-Apr-2025 08:00,Amma Bakery,RR456293,107.04,0.0,368.96
24-Apr-2025 18:00,SLV Refreshments,RR581035,366.9,0.0,2.05
25-Apr-2025 04:00,Siddeshwara Kirana Store,RR676737,620.94,0.0,287.07
25-Apr-2025 14:00,Laundry Service,RR577211,551.02,0.0,196.81
26-Apr-2025 00:00,Star Local Supermarket,RR806095,675.37,0.0,487.55
26-Apr-2025 10:00,Fastrack Service Center,RR991144,115.68,0.0,371.87
26-Apr-2025 20:00,Amma Bakery,RR355247,630.5,0.0,442.97
27-Apr-2025 06:00,Laundry Service,RR456990,164.24,0.0,278.73
27-Apr-2025 16:00,Star Local Supermarket,RR871672,364.87,0.0,474.63
28-Apr-2025 02:00,Siddeshwara Kirana Store,RR698737,673.62,0.0,272.85
28-Apr-2025 12:00,Star Local Supermarket,RR217967,1050.09,0.0,303.29
28-Apr-2025 22:00,Auto-UPI Pay,RR614882,915.09,0.0,173.84
29-Apr-2025 08:00,Siddeshwara Kirana Store,RR662312,677.32,0.0,295.28
29-Apr-2025 18:00,Star Local Supermarket,RR186829,1135.0,0.0,272.8
30-Apr-2025 04:00,Local Vegetable Vendor,RR963017,1111.97,0.0,348.62
30-Apr-2025 14:00,Nandini Milk Parlour,RR894916,1161.55,0.0,210.49
01-May-2025 00:00,Auto-UPI Pay,RR404647,482.07,0.0,142.7
01-May-2025 10:00,Amma Bakery,RR478498,897.76,0.0,419.12
01-May-2025 20:00,Laundry Service,RR466173,295.13,0.0,123.99
02-May-2025 06:00,Star Local Supermarket,RR484248,1078.57,0.0,469.78
02-May-2025 16:00,Shell Petrol Bunk,RR128365,102.87,0.0,366.9
03-May-2025 02:00,Shell Petrol Bunk,RR867160,636.82,0.0,341.05
03-May-2025 12:00,SLV Refreshments,RR608184,549.36,0.0,355.15
03-May-2025 22:00,SLV Refreshments,RR292111,441.18,0.0,166.45
04-May-2025 08:00,Laundry Service,RR938324,93.42,0.0,73.04
04-May-2025 18:00,Balaji Medicals,RR204963,664.74,0.0,387.88
05-May-2025 04:00,Nandini Milk Parlour,RR414685,371.98,0.0,15.9
05-May-2025 14:00,Fastrack Service Center,RR869918,1007.7,0.0,103.27
06-May-2025 00:00,Laundry Service,RR578060,1136.47,0.0,343.17
06-May-2025 10:00,Star Local Supermarket,RR813585,189.68,0.0,153.49
06-May-2025 20:00,Shell Petrol Bunk,RR580981,436.59,0.0,446.16
07-May-2025 06:00,Amma Bakery,RR550268,1009.91,0.0,418.8
07-May-2025 16:00,Siddeshwara Kirana Store,RR443904,1167.29,0.0,414.91
08-May-2025 02:00,Nandini Milk Parlour,RR461226,1104.95,0.0,101.61
08-May-2025 12:00,Amma Bakery,RR266921,1129.62,0.0,226.3
08-May-2025 22:00,Shell Petrol Bunk,RR420096,188.01,0.0,38.29
09-May-2025 08:00,Local Vegetable Vendor,RR350268,424.96,0.0,318.47
09-May-2025 18:00,Balaji Medicals,RR248610,938.72,0.0,415.84
10-May-2025 04:00,Nandini Milk Parlour,RR453347,212.71,0.0,203.13
10-May-2025 14:00,Star Local Supermarket,RR117878,121.82,0.0,81.31
11-May-2025 00:00,Amma Bakery,RR963247,312.39,0.0,185.23
11-May-2025 10:00,Auto-UPI Pay,RR744709,65.24,0.0,120.0
11-May-2025 20:00,Auto-UPI Pay,RR338410,290.82,0.0,468.03
12-May-2025 06:00,Fastrack Service Center,RR215765,834.73,0.0,349.14
12-May-2025 16:00,Star Local Supermarket,RR648128,494.99,0.0,481.97
13-May-2025 02:00,Star Local Supermarket,RR176158,954.49,0.0,306.47
13-May-2025 12:00,Star Local Supermarket,RR495183,641.63,0.0,130.65
13-May-2025 22:00,Shell Petrol Bunk,RR250408,209.71,0.0,149.12
14-May-2025 08:00,Local Vegetable Vendor,RR944704,1066.08,0.0,178.75
14-May-2025 18:00,Siddeshwara Kirana Store,RR299478,682.02,0.0,459.26
15-May-2025 04:00,SLV Refreshments,RR183316,443.93,0.0,15.33
15-May-2025 14:00,Amma Bakery,RR962161,552.42,0.0,445.99
16-May-2025 00:00,Balaji Medicals,RR823954,751.73,0.0,319.22
16-May-2025 10:00,Star Local Supermarket,RR875965,180.05,0.0,139.17
16-May-2025 20:00,SLV Refreshments,RR228403,720.56,0.0,273.03
17-May-2025 06:00,Amma Bakery,RR327631,755.54,0.0,288.4
17-May-2025 16:00,Laundry Service,RR841857,800.11,0.0,155.23
18-May-2025 02:00,Laundry Service,RR546500,482.69,0.0,105.54
18-May-2025 12:00,Amma Bakery,RR998186,1040.35,0.0,328.62
18-May-2025 22:00,Siddeshwara Kirana Store,RR131059,571.96,0.0,268.11
19-May-2025 08:00,Shell Petrol Bunk,RR522884,891.24,0.0,326.59
19-May-2025 18:00,Amma Bakery,RR912991,571.6,0.0,354.72
20-May-2025 04:00,Star Local Supermarket,RR112775,217.29,0.0,137.43
20-May-2025 14:00,Laundry Service,RR472822,547.16,0.0,138.7
21-May-2025 00:00,Balaji Medicals,RR428397,257.82,0.0,300.68
21-May-2025 10:00,Balaji Medicals,RR512633,961.88,0.0,127.21
21-May-2025 20:00,Auto-UPI Pay,RR674575,186.44,0.0,237.57
22-May-2025 06:00,Laundry Service,RR653390,1189.44,0.0,308.95
22-May-2025 16:00,Auto-UPI Pay,RR743191,415.75,0.0,206.9
23-May-2025 02:00,Laundry Service,RR157139,1135.32,0.0,274.77
23-May-2025 12:00,Shell Petrol Bunk,RR754906,267.07,0.0,7.7
23-May-2025 22:00,Shell Petrol Bunk,RR378616,225.49,0.0,131.8
24-May-2025 08:00,Balaji Medicals,RR799506,376.78,0.0,210.27
24-May-2025 18:00,Shell Petrol Bunk,RR773232,815.32,0.0,357.99
25-May-2025 04:00,Local Vegetable Vendor,RR424405,997.05,0.0,331.08
25-May-2025 14:00,Balaji Medicals,RR369654,837.9,0.0,189.81
26-May-2025 00:00,Balaji Medicals,RR883043,283.11,0.0,210.49
26-May-2025 10:00,Local Vegetable Vendor,RR343538,598.44,0.0,441.06
26-May-2025 20:00,SLV Refreshments,RR755876,1003.12,0.0,394.93
27-May-2025 06:00,SLV Refreshments,RR581164,584.22,0.0,312.19
27-May-2025 16:00,Shell Petrol Bunk,RR635920,993.07,0.0,129.43
28-May-2025 02:00,Balaji Medicals,RR977495,692.12,0.0,304.34
28-May-2025 12:00,Laundry Service,RR309519,1044.57,0.0,251.48
28-May-2025 22:00,Laundry Service,RR492726,812.32,0.0,222.87
29-May-2025 08:00,Balaji Medicals,RR192614,1194.45,0.0,288.86
29-May-2025 18:00,Fastrack Service Center,RR774439,458.19,0.0,322.63
30-May-2025 04:00,Local Vegetable Vendor,RR866570,1155.26,0.0,149.81
30-May-2025 14:00,Local Vegetable Vendor,RR100867,557.23,0.0,479.56
31-May-2025 00:00,Star Local Supermarket,RR851727,944.09,0.0,333.33
31-May-2025 10:00,Amma Bakery,RR340486,801.02,0.0,436.78
31-May-2025 20:00,Laundry Service,RR121183,170.98,0.0,265.8
01-Jun-2025 06:00,Nandini Milk Parlour,RR291528,333.96,0.0,290.65
01-Jun-2025 16:00,Balaji Medicals,RR563816,933.04,0.0,445.07
02-Jun-2025 02:00,Shell Petrol Bunk,RR475748,284.8,0.0,160.27
02-Jun-2025 12:00,Balaji Medicals,RR748681,764.05,0.0,487.68
02-Jun-2025 22:00,Nandini Milk Parlour,RR193945,140.72,0.0,346.96
03-Jun-2025 08:00,Amma Bakery,RR767880,973.47,0.0,360.71
03-Jun-2025 18:00,Nandini Milk Parlour,RR245629,402.42,0.0,379.34
04-Jun-2025 04:00,Amma Bakery,RR988897,1022.35,0.0,214.98
04-Jun-2025 14:00,Fastrack Service Center,RR402718,1183.21,0.0,320.59
05-Jun-2025 00:00,SLV Refreshments,RR157290,601.42,0.0,379.32
05-Jun-2025 10:00,Fastrack Service Center,RR272813,451.57,0.0,123.35
05-Jun-2025 20:00,Nandini Milk Parlour,RR666787,67.11,0.0,56.24
06-Jun-2025 06:00,Local Vegetable Vendor,RR565710,1107.45,0.0,303.98
06-Jun-2025 16:00,Shell Petrol Bunk,RR459319,930.58,0.0,417.33
07-Jun-2025 02:00,Laundry Service,RR186338,576.92,0.0,449.28
07-Jun-2025 12:00,SLV Refreshments,RR638041,719.01,0.0,114.91
07-Jun-2025 22:00,Fastrack Service Center,RR479745,819.05,0.0,399.74
08-Jun-2025 08:00,Star Local Supermarket,RR685027,477.79,0.0,254.12
08-Jun-2025 18:00,Siddeshwara Kirana Store,RR489038,795.56,0.0,242.0
09-Jun-2025 04:00,Amma Bakery,RR167336,780.03,0.0,455.21
09-Jun-2025 14:00,Shell Petrol Bunk,RR111529,615.8,0.0,383.02
10-Jun-2025 00:00,Laundry Service,RR966928,866.97,0.0,485.89
10-Jun-2025 10:00,Star Local Supermarket,RR807787,493.45,0.0,480.66
10-Jun-2025 20:00,Laundry Service,RR250282,169.52,0.0,311.14
11-Jun-2025 06:00,Star Local Supermarket,RR592914,1121.68,0.0,442.57
11-Jun-2025 16:00,Amma Bakery,RR735131,135.68,0.0,306.89
12-Jun-2025 02:00,Fastrack Service Center,RR108160,144.35,0.0,162.54
12-Jun-2025 12:00,Balaji Medicals,RR197707,773.82,0.0,120.38
12-Jun-2025 22:00,Auto-UPI Pay,RR643859,394.91,0.0,148.33
13-Jun-2025 08:00,Auto-UPI Pay,RR787850,188.53,0.0,478.78
13-Jun-2025 18:00,Amma Bakery,RR971989,542.58,0.0,442.98
14-Jun-2025 04:00,Star Local Supermarket,RR726344,819.1,0.0,203.43
14-Jun-2025 14:00,Laundry Service,RR692111,1196.03,0.0,172.11
15-Jun-2025 00:00,Auto-UPI Pay,RR694598,608.93,0.0,173.95
15-Jun-2025 10:00,Local Vegetable Vendor,RR952463,1154.22,0.0,111.2
15-Jun-2025 20:00,Nandini Milk Parlour,RR133842,1077.64,0.0,149.43
16-Jun-2025 06:00,Auto-UPI Pay,RR265646,477.13,0.0,152.05
16-Jun-2025 16:00,SLV Refreshments,RR864818,492.53,0.0,194.09
17-Jun-2025 02:00,Amma Bakery,RR820785,657.21,0.0,332.42
17-Jun-2025 12:00,Balaji Medicals,RR886744,604.48,0.0,428.49
17-Jun-2025 22:00,Local Vegetable Vendor,RR520427,899.91,0.0,193.45
18-Jun-2025 08:00,Local Vegetable Vendor,RR909172,944.47,0.0,259.55
18-Jun-2025 18:00,Balaji Medicals,RR341461,790.58,0.0,458.64
19-Jun-2025 04:00,Auto-UPI Pay,RR893238,103.55,0.0,355.09
19-Jun-2025 14:00,Shell Petrol Bunk,RR736900,994.7,0.0,135.27
20-Jun-2025 00:00,Shell Petrol Bunk,RR869021,388.88,0.0,160.09
20-Jun-2025 10:00,Siddeshwara Kirana Store,RR259605,345.44,0.0,464.63
20-Jun-2025 20:00,SLV Refreshments,RR473348,623.22,0.0,402.19
21-Jun-2025 06:00,Laundry Service,RR174267,1044.39,0.0,334.88
21-Jun-2025 16:00,Star Local Supermarket,RR564329,754.13,0.0,310.99
22-Jun-2025 02:00,Local Vegetable Vendor,RR660010,670.21,0.0,383.95
22-Jun-2025 12:00,Siddeshwara Kirana Store,RR403352,421.61,0.0,333.5
22-Jun-2025 22:00,Balaji Medicals,RR611948,448.61,0.0,297.7
23-Jun-2025 08:00,Siddeshwara Kirana Store,RR377009,842.48,0.0,184.35
23-Jun-2025 18:00,Nandini Milk Parlour,RR383233,714.5,0.0,301.23
24-Jun-2025 04:00,Auto-UPI Pay,RR529626,800.44,0.0,306.27
24-Jun-2025 14:00,Siddeshwara Kirana Store,RR216550,125.0,0.0,181.27
25-Jun-2025 00:00,Fastrack Service Center,RR950187,1010.54,0.0,134.51
25-Jun-2025 10:00,Nandini Milk Parlour,RR886453,250.19,0.0,151.24
25-Jun-2025 20:00,Auto-UPI Pay,RR745920,923.9,0.0,276.34
26-Jun-2025 06:00,Shell Petrol Bunk,RR979612,541.42,0.0,326.07
26-Jun-2025 16:00,SLV Refreshments,RR223901,52.25,0.0,273.82
27-Jun-2025 02:00,Siddeshwara Kirana Store,RR513471,368.87,0.0,273.97
27-Jun-2025 12:00,Star Local Supermarket,RR586436,569.35,0.0,153.82
27-Jun-2025 22:00,Auto-UPI Pay,RR947126,901.52,0.0,497.03
28-Jun-2025 08:00,SLV Refreshments,RR889156,777.76,0.0,471.68
28-Jun-2025 18:00,SLV Refreshments,RR618273,775.32,0.0,392.15
29-Jun-2025 04:00,Laundry Service,RR244483,738.2,0.0,406.43
29-Jun-2025 14:00,Balaji Medicals,RR451857,919.13,0.0,122.13
30-Jun-2025 00:00,Shell Petrol Bunk,RR590928,86.08,0.0,36.05
30-Jun-2025 10:00,Balaji Medicals,RR435895,710.33,0.0,156.5
30-Jun-2025 20:00,Fastrack Service Center,RR450748,134.69,0.0,21.81
01-Jul-2025 06:00,Star Local Supermarket,RR954975,1134.45,0.0,106.34
01-Jul-2025 16:00,Shell Petrol Bunk,RR833944,212.3,0.0,229.66
02-Jul-2025 02:00,Nandini Milk Parlour,RR394395,1180.31,0.0,383.32
02-Jul-2025 12:00,Balaji Medicals,RR620929,425.32,0.0,279.37
02-Jul-2025 22:00,Local Vegetable Vendor,RR506633,730.03,0.0,375.09
03-Jul-2025 08:00,Star Local Supermarket,RR336390,449.15,0.0,202.54
03-Jul-2025 18:00,Amma Bakery,RR441881,615.76,0.0,365.27
04-Jul-2025 04:00,Siddeshwara Kirana Store,RR207152,623.39,0.0,196.66
04-Jul-2025 14:00,Fastrack Service Center,RR351837,168.32,0.0,28.34
05-Jul-2025 00:00,Shell Petrol Bunk,RR122185,1183.41,0.0,164.02
05-Jul-2025 10:00,Shell Petrol Bunk,RR198218,183.72,0.0,381.84
05-Jul-2025 20:00,Amma Bakery,RR562891,417.04,0.0,228.59
06-Jul-2025 06:00,Shell Petrol Bunk,RR261583,339.32,0.0,230.23
06-Jul-2025 16:00,Siddeshwara Kirana Store,RR611867,485.62,0.0,100.62
07-Jul-2025 02:00,Nandini Milk Parlour,RR920098,532.62,0.0,382.56
07-Jul-2025 12:00,Balaji Medicals,RR585768,665.11,0.0,219.18
07-Jul-2025 22:00,Shell Petrol Bunk,RR484999,878.43,0.0,206.05
08-Jul-2025 08:00,SLV Refreshments,RR565126,518.47,0.0,332.49
08-Jul-2025 18:00,Star Local Supermarket,RR729598,1007.2,0.0,158.0
09-Jul-2025 04:00,Amma Bakery,RR502917,710.37,0.0,316.99
09-Jul-2025 14:00,Nandini Milk Parlour,RR177522,445.83,0.0,292.93
10-Jul-2025 00:00,Star Local Supermarket,RR655600,1096.6,0.0,454.34
10-Jul-2025 10:00,Nandini Milk Parlour,RR898957,1158.07,0.0,354.14
10-Jul-2025 20:00,Star Local Supermarket,RR246191,918.0,0.0,162.61
11-Jul-2025 06:00,Balaji Medicals,RR425567,629.9,0.0,440.88
11-Jul-2025 16:00,SLV Refreshments,RR162448,1134.91,0.0,425.47
12-Jul-2025 02:00,Amma Bakery,RR932753,248.67,0.0,176.8
12-Jul-2025 12:00,Star Local Supermarket,RR616129,1142.04,0.0,171.11
12-Jul-2025 22:00,Balaji Medicals,RR482452,1120.58,0.0,396.27
13-Jul-2025 08:00,Balaji Medicals,RR806872,255.29,0.0,140.98
13-Jul-2025 18:00,Siddeshwara Kirana Store,RR823081,778.02,0.0,168.11
14-Jul-2025 04:00,Local Vegetable Vendor,RR256128,1150.69,0.0,465.5
14-Jul-2025 14:00,SLV Refreshments,RR769921,571.68,0.0,286.04
15-Jul-2025 00:00,Auto-UPI Pay,RR990899,1017.58,0.0,387.41
15-Jul-2025 10:00,Balaji Medicals,RR251814,399.53,0.0,370.93
15-Jul-2025 20:00,Balaji Medicals,RR166479,1199.5,0.0,466.97
16-Jul-2025 06:00,Fastrack Service Center,RR319867,977.81,0.0,175.68
16-Jul-2025 16:00,Shell Petrol Bunk,RR843693,57.05,0.0,118.63
17-Jul-2025 02:00,Balaji Medicals,RR704118,1126.97,0.0,278.17
17-Jul-2025 12:00,Amma Bakery,RR919486,86.94,0.0,191.23
17-Jul-2025 22:00,Star Local Supermarket,RR522144,332.09,0.0,157.5
18-Jul-2025 08:00,Shell Petrol Bunk,RR261607,1097.48,0.0,283.71
18-Jul-2025 18:00,SLV Refreshments,RR632697,617.91,0.0,378.28
19-Jul-2025 04:00,Auto-UPI Pay,RR188791,663.06,0.0,397.55
19-Jul-2025 14:00,Local Vegetable Vendor,RR343518,894.99,0.0,218.76
20-Jul-2025 00:00,Shell Petrol Bunk,RR775717,152.87,0.0,65.89
20-Jul-2025 10:00,Nandini Milk Parlour,RR801499,808.93,0.0,488.64
20-Jul-2025 20:00,SLV Refreshments,RR500220,588.55,0.0,130.78
21-Jul-2025 06:00,Nandini Milk Parlour,RR150328,1170.64,0.0,314.49
21-Jul-2025 16:00,Laundry Service,RR602383,689.36,0.0,423.17
22-Jul-2025 02:00,Siddeshwara Kirana Store,RR193276,818.39,0.0,342.6
22-Jul-2025 12:00,Auto-UPI Pay,RR958940,114.52,0.0,228.07
22-Jul-2025 22:00,Nandini Milk Parlour,RR910354,174.05,0.0,54.03
23-Jul-2025 08:00,Laundry Service,RR274381,134.35,0.0,395.68
23-Jul-2025 18:00,Star Local Supermarket,RR160587,166.51,0.0,229.17
24-Jul-2025 04:00,Amma Bakery,RR593684,827.06,0.0,296.27
24-Jul-2025 14:00,Local Vegetable Vendor,RR237299,785.52,0.0,112.45
25-Jul-2025 00:00,Star Local Supermarket,RR690995,199.28,0.0,120.45
25-Jul-2025 10:00,Star Local Supermarket,RR810318,198.63,0.0,403.16
25-Jul-2025 20:00,Star Local Supermarket,RR215643,1076.24,0.0,478.87
26-Jul-2025 06:00,Nandini Milk Parlour,RR389453,1036.92,0.0,146.65
26-Jul-2025 16:00,Fastrack Service Center,RR591170,647.04,0.0,233.86
27-Jul-2025 02:00,Amma Bakery,RR349672,278.3,0.0,415.2
27-Jul-2025 12:00,Nandini Milk Parlour,RR449892,1032.42,0.0,253.62
27-Jul-2025 22:00,Star Local Supermarket,RR159984,66.53,0.0,187.08
28-Jul-2025 08:00,Laundry Service,RR675665,524.1,0.0,444.76
28-Jul-2025 18:00,Shell Petrol Bunk,RR211367,277.56,0.0,167.2
29-Jul-2025 04:00,Laundry Service,RR687973,485.13,0.0,408.55
29-Jul-2025 14:00,Fastrack Service Center,RR916680,591.12,0.0,412.58
30-Jul-2025 00:00,Nandini Milk Parlour,RR422984,1018.89,0.0,155.96
30-Jul-2025 10:00,Nandini Milk Parlour,RR554987,488.37,0.0,149.56
30-Jul-2025 20:00,Local Vegetable Vendor,RR640090,474.08,0.0,402.77
31-Jul-2025 06:00,Siddeshwara Kirana Store,RR131779,625.69,0.0,127.97
31-Jul-2025 16:00,Shell Petrol Bunk,RR346107,588.25,0.0,195.28
01-Aug-2025 02:00,Laundry Service,RR115338,591.38,0.0,478.29
01-Aug-2025 12:00,SLV Refreshments,RR970681,296.29,0.0,182.01
01-Aug-2025 22:00,Nandini Milk Parlour,RR950868,944.21,0.0,210.07
02-Aug-2025 08:00,Auto-UPI Pay,RR865179,391.88,0.0,466.49
02-Aug-2025 18:00,Balaji Medicals,RR264520,714.35,0.0,250.85
03-Aug-2025 04:00,Laundry Service,RR964584,136.9,0.0,113.96
03-Aug-2025 14:00,Star Local Supermarket,RR185977,294.63,0.0,203.95
04-Aug-2025 00:00,Local Vegetable Vendor,RR783778,775.5,0.0,106.4
04-Aug-2025 10:00,Balaji Medicals,RR179884,871.26,0.0,326.12
04-Aug-2025 20:00,Balaji Medicals,RR906343,1169.42,0.0,249.32
05-Aug-2025 06:00,Siddeshwara Kirana Store,RR676016,636.45,0.0,327.2
05-Aug-2025 16:00,Laundry Service,RR479898,680.35,0.0,263.71
06-Aug-2025 02:00,Laundry Service,RR725659,948.31,0.0,176.47
06-Aug-2025 12:00,Nandini Milk Parlour,RR988721,551.52,0.0,180.48
06-Aug-2025 22:00,Siddeshwara Kirana Store,RR646373,542.92,0.0,248.51
07-Aug-2025 08:00,Nandini Milk Parlour,RR463074,278.38,0.0,337.5
07-Aug-2025 18:00,Shell Petrol Bunk,RR519787,450.67,0.0,316.85
08-Aug-2025 04:00,SLV Refreshments,RR620824,676.87,0.0,178.9
08-Aug-2025 14:00,Local Vegetable Vendor,RR157506,433.42,0.0,494.35
09-Aug-2025 00:00,Siddeshwara Kirana Store,RR836874,498.95,0.0,112.57
09-Aug-2025 10:00,Shell Petrol Bunk,RR883786,126.72,0.0,364.7
09-Aug-2025 20:00,Local Vegetable Vendor,RR688482,455.13,0.0,272.36
10-Aug-2025 06:00,Auto-UPI Pay,RR462034,1013.34,0.0,127.04
10-Aug-2025 16:00,Fastrack Service Center,RR581155,1010.9,0.0,283.54
11-Aug-2025 02:00,Amma Bakery,RR166818,709.36,0.0,414.54
11-Aug-2025 12:00,Auto-UPI Pay,RR346862,242.78,0.0,171.76
11-Aug-2025 22:00,Shell Petrol Bunk,RR713727,1070.65,0.0,457.17
12-Aug-2025 08:00,Star Local Supermarket,RR559565,1155.08,0.0,450.87
12-Aug-2025 18:00,Amma Bakery,RR574998,198.38,0.0,252.49
13-Aug-2025 04:00,Star Local Supermarket,RR701607,928.32,0.0,252.3
13-Aug-2025 14:00,SLV Refreshments,RR328589,125.74,0.0,126.55
14-Aug-2025 00:00,Fastrack Service Center,RR241563,881.84,0.0,446.23
14-Aug-2025 10:00,Local Vegetable Vendor,RR851562,142.99,0.0,303.24
14-Aug-2025 20:00,SLV Refreshments,RR554697,1101.06,0.0,265.43
15-Aug-2025 06:00,Siddeshwara Kirana Store,RR640233,441.53,0.0,267.56
15-Aug-2025 16:00,Fastrack Service Center,RR339267,1194.68,0.0,240.54
16-Aug-2025 02:00,Amma Bakery,RR209103,310.92,0.0,254.58
16-Aug-2025 12:00,Auto-UPI Pay,RR574230,305.71,0.0,190.22
16-Aug-2025 22:00,Siddeshwara Kirana Store,RR848489,928.61,0.0,414.33
17-Aug-2025 08:00,Star Local Supermarket,RR129681,220.34,0.0,193.99
17-Aug-2025 18:00,Nandini Milk Parlour,RR224700,882.19,0.0,309.85
18-Aug-2025 04:00,Shell Petrol Bunk,RR409639,674.17,0.0,325.08
18-Aug-2025 14:00,Local Vegetable Vendor,RR818813,78.23,0.0,246.85
19-Aug-2025 00:00,Shell Petrol Bunk,RR527597,638.78,0.0,369.76
19-Aug-2025 10:00,Shell Petrol Bunk,RR586069,929.47,0.0,109.31
19-Aug-2025 20:00,Balaji Medicals,RR845614,941.39,0.0,444.21
20-Aug-2025 06:00,Siddeshwara Kirana Store,RR207303,229.39,0.0,214.82
20-Aug-2025 16:00,Auto-UPI Pay,RR863396,442.21,0.0,227.2
21-Aug-2025 02:00,Nandini Milk Parlour,RR395069,991.21,0.0,255.33
21-Aug-2025 12:00,Local Vegetable Vendor,RR232922,153.03,0.0,102.3
21-Aug-2025 22:00,Nandini Milk Parlour,RR270433,568.52,0.0,365.43
22-Aug-2025 08:00,SLV Refreshments,RR361329,679.61,0.0,449.7
22-Aug-2025 18:00,Siddeshwara Kirana Store,RR779641,595.34,0.0,454.56
23-Aug-2025 04:00,Fastrack Service Center,RR104584,728.2,0.0,224.68
23-Aug-2025 14:00,Shell Petrol Bunk,RR900570,361.57,0.0,431.3
24-Aug-2025 00:00,SLV Refreshments,RR852741,835.29,0.0,242.99
24-Aug-2025 10:00,SLV Refreshments,RR939864,424.82,0.0,100.28
24-Aug-2025 20:00,Balaji Medicals,RR160426,815.05,0.0,290.91
25-Aug-2025 06:00,Star Local Supermarket,RR380166,62.87,0.0,228.04
25-Aug-2025 16:00,Balaji Medicals,RR328046,1030.04,0.0,251.53
26-Aug-2025 02:00,Star Local Supermarket,RR729238,68.87,0.0,182.66
26-Aug-2025 12:00,Star Local Supermarket,RR723847,1153.91,0.0,232.89
26-Aug-2025 22:00,Balaji Medicals,RR495493,444.3,0.0,456.68
27-Aug-2025 08:00,Auto-UPI Pay,RR605880,461.45,0.0,354.59
27-Aug-2025 18:00,Fastrack Service Center,RR940323,436.85,0.0,129.31
28-Aug-2025 04:00,Shell Petrol Bunk,RR749041,1026.8,0.0,112.82
28-Aug-2025 14:00,Shell Petrol Bunk,RR610552,1135.02,0.0,497.23
29-Aug-2025 00:00,Siddeshwara Kirana Store,RR355415,900.55,0.0,201.42
29-Aug-2025 10:00,SLV Refreshments,RR806570,903.88,0.0,193.98
29-Aug-2025 20:00,Siddeshwara Kirana Store,RR481478,1106.48,0.0,479.9
30-Aug-2025 06:00,Siddeshwara Kirana Store,RR806665,232.64,0.0,247.26
30-Aug-2025 16:00,Amma Bakery,RR984127,502.91,0.0,368.13
31-Aug-2025 02:00,Fastrack Service Center,RR137925,809.84,0.0,213.71
31-Aug-2025 12:00,Laundry Service,RR968725,678.73,0.0,304.2
31-Aug-2025 22:00,SLV Refreshments,RR839246,832.23,0.0,465.86
01-Sep-2025 08:00,Auto-UPI Pay,RR464282,905.46,0.0,124.32
01-Sep-2025 18:00,SLV Refreshments,RR954663,620.9,0.0,498.23
02-Sep-2025 04:00,Star Local Supermarket,RR512649,667.9,0.0,359.7
02-Sep-2025 14:00,SLV Refreshments,RR865085,56.72,0.0,302.98
03-Sep-2025 00:00,Amma Bakery,RR493427,139.35,0.0,163.64
03-Sep-2025 10:00,Auto-UPI Pay,RR329942,339.66,0.0,325.43
03-Sep-2025 20:00,Nandini Milk Parlour,RR425624,1117.38,0.0,483.94
04-Sep-2025 06:00,Siddeshwara Kirana Store,RR491012,668.66,0.0,394.31
04-Sep-2025 16:00,Fastrack Service Center,RR101324,1053.22,0.0,390.74
05-Sep-2025 02:00,Shell Petrol Bunk,RR836234,512.43,0.0,422.92
05-Sep-2025 12:00,Shell Petrol Bunk,RR516723,494.11,0.0,224.45
05-Sep-2025 22:00,Nandini Milk Parlour,RR379726,587.83,0.0,147.1
06-Sep-2025 08:00,Auto-UPI Pay,RR983539,804.43,0.0,277.74
06-Sep-2025 18:00,Shell Petrol Bunk,RR767056,365.55,0.0,417.29
07-Sep-2025 04:00,Laundry Service,RR908240,196.05,0.0,221.24
07-Sep-2025 14:00,Star Local Supermarket,RR522657,1042.24,0.0,392.19
08-Sep-2025 00:00,SLV Refreshments,RR650986,338.9,0.0,53.29
08-Sep-2025 10:00,Nandini Milk Parlour,RR879741,1016.33,0.0,233.13
08-Sep-2025 20:00,Fastrack Service Center,RR891613,1062.3,0.0,404.44
09-Sep-2025 06:00,Star Local Supermarket,RR775432,312.41,0.0,92.03
09-Sep-2025 16:00,Local Vegetable Vendor,RR386503,536.8,0.0,174.13
10-Sep-2025 02:00,Fastrack Service Center,RR357505,974.87,0.0,443.49
10-Sep-2025 12:00,Balaji Medicals,RR573429,55.75,0.0,387.75
10-Sep-2025 22:00,Shell Petrol Bunk,RR936457,438.8,0.0,435.54
11-Sep-2025 08:00,SLV Refreshments,RR744571,302.14,0.0,133.4
11-Sep-2025 18:00,Fastrack Service Center,RR992367,909.05,0.0,275.36
12-Sep-2025 04:00,Local Vegetable Vendor,RR148402,135.26,0.0,140.1
12-Sep-2025 14:00,Auto-UPI Pay,RR245460,533.99,0.0,231.11
13-Sep-2025 00:00,Fastrack Service Center,RR407980,664.27,0.0,224.0
13-Sep-2025 10:00,Star Local Supermarket,RR226639,1075.02,0.0,266.4
13-Sep-2025 20:00,Nandini Milk Parlour,RR887363,478.64,0.0,479.83
14-Sep-2025 06:00,Siddeshwara Kirana Store,RR544730,873.38,0.0,490.6
14-Sep-2025 16:00,Star Local Supermarket,RR449692,75.15,0.0,415.46
15-Sep-2025 02:00,Auto-UPI Pay,RR386371,464.76,0.0,141.17
15-Sep-2025 12:00,Balaji Medicals,RR950250,147.39,0.0,361.05
15-Sep-2025 22:00,Laundry Service,RR975167,734.03,0.0,269.7
16-Sep-2025 08:00,Nandini Milk Parlour,RR777473,280.74,0.0,490.34
16-Sep-2025 18:00,Auto-UPI Pay,RR503542,474.86,0.0,15.48
17-Sep-2025 04:00,Fastrack Service Center,RR482425,800.8,0.0,209.08
17-Sep-2025 14:00,Amma Bakery,RR309214,616.91,0.0,436.6
18-Sep-2025 00:00,SLV Refreshments,RR412612,863.68,0.0,417.53
18-Sep-2025 10:00,Star Local Supermarket,RR292986,1028.82,0.0,168.69
18-Sep-2025 20:00,Auto-UPI Pay,RR111353,736.72,0.0,498.64
19-Sep-2025 06:00,SLV Refreshments,RR298385,902.91,0.0,172.98
19-Sep-2025 16:00,Fastrack Service Center,RR936130,1148.35,0.0,137.8
20-Sep-2025 02:00,Siddeshwara Kirana Store,RR964086,999.81,0.0,325.16
20-Sep-2025 12:00,Siddeshwara Kirana Store,RR922217,407.23,0.0,430.25
20-Sep-2025 22:00,Balaji Medicals,RR748433,284.89,0.0,145.36
21-Sep-2025 08:00,Laundry Service,RR969494,472.01,0.0,427.09
21-Sep-2025 18:00,Amma Bakery,RR290704,1047.62,0.0,352.61
22-Sep-2025 04:00,SLV Refreshments,RR455789,151.6,0.0,201.01
22-Sep-2025 14:00,Local Vegetable Vendor,RR721067,794.22,0.0,494.65
23-Sep-2025 00:00,Local Vegetable Vendor,RR108177,127.0,0.0,367.65
23-Sep-2025 10:00,SLV Refreshments,RR835979,321.91,0.0,45.74
23-Sep-2025 20:00,Star Local Supermarket,RR274893,921.38,0.0,394.74
24-Sep-2025 06:00,Local Vegetable Vendor,RR585381,1035.35,0.0,242.9
24-Sep-2025 16:00,Local Vegetable Vendor,RR290559,1087.75,0.0,498.84
25-Sep-2025 02:00,Nandini Milk Parlour,RR262422,872.75,0.0,308.62
25-Sep-2025 12:00,Balaji Medicals,RR107483,988.59,0.0,427.83
25-Sep-2025 22:00,Local Vegetable Vendor,RR355849,290.75,0.0,137.08
26-Sep-2025 08:00,Balaji Medicals,RR223378,930.71,0.0,483.21
26-Sep-2025 18:00,Amma Bakery,RR129690,1098.09,0.0,257.63
27-Sep-2025 04:00,Fastrack Service Center,RR104007,756.53,0.0,269.82
27-Sep-2025 14:00,Shell Petrol Bunk,RR605041,1197.24,0.0,311.16
28-Sep-2025 00:00,Balaji Medicals,RR745432,230.89,0.0,80.28
28-Sep-2025 10:00,Auto-UPI Pay,RR120420,751.63,0.0,445.31
28-Sep-2025 20:00,Nandini Milk Parlour,RR609720,892.19,0.0,372.16
29-Sep-2025 06:00,Shell Petrol Bunk,RR208423,1114.08,0.0,241.48
29-Sep-2025 16:00,Balaji Medicals,RR600642,238.45,0.0,3.03
30-Sep-2025 02:00,Laundry Service,RR962204,1053.69,0.0,437.82
30-Sep-2025 12:00,Shell Petrol Bunk,RR803063,1034.21,0.0,161.93
30-Sep-2025 22:00,Amma Bakery,RR456154,647.13,0.0,326.64
01-Oct-2025 08:00,Siddeshwara Kirana Store,RR826275,245.6,0.0,81.03
01-Oct-2025 18:00,Star Local Supermarket,RR709243,783.51,0.0,224.22
02-Oct-2025 04:00,Local Vegetable Vendor,RR472663,932.67,0.0,304.26
02-Oct-2025 14:00,Laundry Service,RR404271,278.71,0.0,25.55
03-Oct-2025 00:00,Laundry Service,RR378781,479.95,0.0,315.49
03-Oct-2025 10:00,Balaji Medicals,RR234058,610.69,0.0,261.72
03-Oct-2025 20:00,Balaji Medicals,RR884462,568.0,0.0,166.69
04-Oct-2025 06:00,Auto-UPI Pay,RR391317,125.91,0.0,40.78
04-Oct-2025 16:00,Auto-UPI Pay,RR746532,454.65,0.0,341.81
05-Oct-2025 02:00,Fastrack Service Center,RR186580,1056.9,0.0,302.69
05-Oct-2025 12:00,Local Vegetable Vendor,RR876528,716.12,0.0,486.91
05-Oct-2025 22:00,Amma Bakery,RR871188,999.88,0.0,408.57
06-Oct-2025 08:00,Amma Bakery,RR877731,467.61,0.0,295.17
06-Oct-2025 18:00,Fastrack Service Center,RR405148,318.77,0.0,389.61
07-Oct-2025 04:00,Auto-UPI Pay,RR684157,1102.88,0.0,241.32
07-Oct-2025 14:00,Local Vegetable Vendor,RR755168,1124.9,0.0,278.95
08-Oct-2025 00:00,Shell Petrol Bunk,RR139632,381.48,0.0,465.24
08-Oct-2025 10:00,Nandini Milk Parlour,RR913674,720.5,0.0,333.33
08-Oct-2025 20:00,Auto-UPI Pay,RR480575,486.89,0.0,415.26
09-Oct-2025 06:00,Siddeshwara Kirana Store,RR417073,371.53,0.0,43.73
09-Oct-2025 16:00,Star Local Supermarket,RR847300,206.59,0.0,385.32
10-Oct-2025 02:00,Balaji Medicals,RR377258,354.11,0.0,31.21
10-Oct-2025 12:00,Amma Bakery,RR485893,189.1,0.0,419.55
10-Oct-2025 22:00,SLV Refreshments,RR389046,515.27,0.0,129.05
11-Oct-2025 08:00,Star Local Supermarket,RR635912,136.09,0.0,180.59
11-Oct-2025 18:00,Siddeshwara Kirana Store,RR647626,205.24,0.0,136.78
12-Oct-2025 04:00,Local Vegetable Vendor,RR773172,350.81,0.0,473.08
12-Oct-2025 14:00,Amma Bakery,RR658724,210.18,0.0,262.9
13-Oct-2025 00:00,SLV Refreshments,RR651077,666.38,0.0,125.68
13-Oct-2025 10:00,Laundry Service,RR325235,127.88,0.0,328.59
13-Oct-2025 20:00,Shell Petrol Bunk,RR573830,716.93,0.0,100.12
14-Oct-2025 06:00,Shell Petrol Bunk,RR877112,905.92,0.0,432.22
14-Oct-2025 16:00,Shell Petrol Bunk,RR142994,915.59,0.0,466.11
15-Oct-2025 02:00,Auto-UPI Pay,RR299996,258.38,0.0,207.72
15-Oct-2025 12:00,Balaji Medicals,RR101571,1087.5,0.0,469.21
15-Oct-2025 22:00,Star Local Supermarket,RR312732,109.04,0.0,360.17
16-Oct-2025 08:00,Auto-UPI Pay,RR739681,678.29,0.0,346.14
16-Oct-2025 18:00,Star Local Supermarket,RR823676,197.51,0.0,148.63
17-Oct-2025 04:00,Nandini Milk Parlour,RR611936,59.67,0.0,88.95
17-Oct-2025 14:00,Fastrack Service Center,RR235999,949.2,0.0,328.82
18-Oct-2025 00:00,Balaji Medicals,RR895470,383.98,0.0,361.6
18-Oct-2025 10:00,Amma Bakery,RR603486,339.95,0.0,21.65
18-Oct-2025 20:00,Siddeshwara Kirana Store,RR512932,345.9,0.0,399.27
19-Oct-2025 06:00,Laundry Service,RR669617,245.52,0.0,153.75
19-Oct-2025 16:00,Balaji Medicals,RR993225,85.82,0.0,67.93
20-Oct-2025 02:00,Siddeshwara Kirana Store,RR865557,672.64,0.0,439.64
20-Oct-2025 12:00,Auto-UPI Pay,RR356892,868.97,0.0,118.03
20-Oct-2025 22:00,Shell Petrol Bunk,RR662837,853.13,0.0,394.13
21-Oct-2025 08:00,Fastrack Service Center,RR945016,887.59,0.0,195.4
21-Oct-2025 18:00,Nandini Milk Parlour,RR502977,322.78,0.0,349.77
22-Oct-2025 04:00,Shell Petrol Bunk,RR604482,872.18,0.0,412.59
22-Oct-2025 14:00,Star Local Supermarket,RR227488,222.6,0.0,189.99
23-Oct-2025 00:00,Nandini Milk Parlour,RR720903,821.98,0.0,204.66
23-Oct-2025 10:00,Local Vegetable Vendor,RR728890,708.02,0.0,499.87
23-Oct-2025 20:00,Nandini Milk Parlour,RR224150,111.4,0.0,388.47
24-Oct-2025 06:00,Shell Petrol Bunk,RR790767,1080.65,0.0,445.38
24-Oct-2025 16:00,Balaji Medicals,RR404686,1073.2,0.0,329.99
25-Oct-2025 02:00,Balaji Medicals,RR372912,572.16,0.0,142.41
25-Oct-2025 12:00,Fastrack Service Center,RR741496,173.73,0.0,221.79
25-Oct-2025 22:00,Amma Bakery,RR350893,975.66,0.0,447.13
26-Oct-2025 08:00,SLV Refreshments,RR120471,563.56,0.0,421.21
26-Oct-2025 18:00,Nandini Milk Parlour,RR120825,643.57,0.0,479.39
27-Oct-2025 04:00,Amma Bakery,RR405573,598.64,0.0,187.75
27-Oct-2025 14:00,Fastrack Service Center,RR142468,791.51,0.0,311.27
28-Oct-2025 00:00,Local Vegetable Vendor,RR388171,384.0,0.0,275.04
28-Oct-2025 10:00,Auto-UPI Pay,RR892478,495.09,0.0,357.64
28-Oct-2025 20:00,Fastrack Service Center,RR177212,454.49,0.0,410.95
29-Oct-2025 06:00,Star Local Supermarket,RR677585,776.3,0.0,364.28
29-Oct-2025 16:00,Fastrack Service Center,RR962933,928.02,0.0,210.81
30-Oct-2025 02:00,Siddeshwara Kirana Store,RR723544,1144.6,0.0,349.64
30-Oct-2025 12:00,Local Vegetable Vendor,RR370433,55.16,0.0,294.48
30-Oct-2025 22:00,Fastrack Service Center,RR581268,872.85,0.0,235.84
31-Oct-2025 08:00,Siddeshwara Kirana Store,RR462553,912.18,0.0,431.68
31-Oct-2025 18:00,Local Vegetable Vendor,RR417202,128.85,0.0,302.82
01-Nov-2025 04:00,Auto-UPI Pay,RR762873,280.11,0.0,22.72
01-Nov-2025 14:00,Star Local Supermarket,RR593449,347.48,0.0,495.41
02-Nov-2025 00:00,Fastrack Service Center,RR365760,567.87,0.0,329.76
02-Nov-2025 10:00,Laundry Service,RR689929,1186.04,0.0,439.43
02-Nov-2025 20:00,Auto-UPI Pay,RR875901,300.54,0.0,138.89
03-Nov-2025 06:00,Amma Bakery,RR977890,730.19,0.0,353.53
03-Nov-2025 16:00,SLV Refreshments,RR808233,1044.83,0.0,171.98
04-Nov-2025 02:00,Star Local Supermarket,RR104667,677.75,0.0,106.69
04-Nov-2025 12:00,Amma Bakery,RR620848,769.4,0.0,260.54
04-Nov-2025 22:00,Nandini Milk Parlour,RR396275,739.18,0.0,376.29
05-Nov-2025 08:00,Balaji Medicals,RR773939,54.14,0.0,322.15
05-Nov-2025 18:00,SLV Refreshments,RR586280,734.19,0.0,275.27
06-Nov-2025 04:00,Laundry Service,RR822626,1134.82,0.0,252.97
06-Nov-2025 14:00,Balaji Medicals,RR678795,351.84,0.0,272.09
07-Nov-2025 00:00,Fastrack Service Center,RR200792,51.74,0.0,220.35
07-Nov-2025 10:00,Local Vegetable Vendor,RR726715,470.87,0.0,350.71
07-Nov-2025 20:00,Local Vegetable Vendor,RR116493,155.83,0.0,194.88
08-Nov-2025 06:00,Amma Bakery,RR799091,879.6,0.0,171.65
08-Nov-2025 16:00,Star Local Supermarket,RR845351,894.76,0.0,465.54
09-Nov-2025 02:00,Star Local Supermarket,RR670079,1177.48,0.0,422.52
09-Nov-2025 12:00,Auto-UPI Pay,RR680582,1169.32,0.0,142.77
09-Nov-2025 22:00,Balaji Medicals,RR434238,1168.16,0.0,132.04
10-Nov-2025 08:00,Star Local Supermarket,RR518836,1159.67,0.0,409.21
10-Nov-2025 18:00,Amma Bakery,RR187076,601.69,0.0,376.27
11-Nov-2025 04:00,Balaji Medicals,RR294286,389.53,0.0,362.49
11-Nov-2025 14:00,Balaji Medicals,RR949865,971.37,0.0,203.99
12-Nov-2025 00:00,SLV Refreshments,RR236604,701.32,0.0,217.4
12-Nov-2025 10:00,Siddeshwara Kirana Store,RR737533,701.88,0.0,344.7
12-Nov-2025 20:00,Fastrack Service Center,RR741621,532.06,0.0,102.93
13-Nov-2025 06:00,Local Vegetable Vendor,RR880296,725.71,0.0,210.26
13-Nov-2025 16:00,SLV Refreshments,RR103234,304.2,0.0,324.96
14-Nov-2025 02:00,Auto-UPI Pay,RR754534,583.64,0.0,149.89
14-Nov-2025 12:00,Fastrack Service Center,RR464383,855.17,0.0,453.38
14-Nov-2025 22:00,Nandini Milk Parlour,RR834332,806.16,0.0,340.81
15-Nov-2025 08:00,SLV Refreshments,RR169099,807.6,0.0,193.91
15-Nov-2025 18:00,Laundry Service,RR283490,895.09,0.0,308.58
16-Nov-2025 04:00,Star Local Supermarket,RR122761,702.78,0.0,425.14
16-Nov-2025 14:00,Nandini Milk Parlour,RR868972,879.92,0.0,446.46
17-Nov-2025 00:00,Shell Petrol Bunk,RR445793,1059.91,0.0,317.56
17-Nov-2025 10:00,Nandini Milk Parlour,RR988982,310.88,0.0,6.67
17-Nov-2025 20:00,Balaji Medicals,RR345327,676.44,0.0,481.3
18-Nov-2025 06:00,Siddeshwara Kirana Store,RR350681,1138.62,0.0,254.53
18-Nov-2025 16:00,SLV Refreshments,RR434036,225.52,0.0,29.01
19-Nov-2025 02:00,Siddeshwara Kirana Store,RR958938,761.3,0.0,314.76
19-Nov-2025 12:00,Siddeshwara Kirana Store,RR275892,186.89,0.0,127.87
19-Nov-2025 22:00,Amma Bakery,RR200792,203.94,0.0,338.26
20-Nov-2025 08:00,Star Local Supermarket,RR433235,821.26,0.0,177.11
20-Nov-2025 18:00,Laundry Service,RR421108,730.7,0.0,287.45
21-Nov-2025 04:00,Fastrack Service Center,RR192859,772.89,0.0,473.06
21-Nov-2025 14:00,Auto-UPI Pay,RR414271,628.18,0.0,264.63
22-Nov-2025 00:00,Amma Bakery,RR582885,480.23,0.0,263.87
22-Nov-2025 10:00,Siddeshwara Kirana Store,RR358126,719.84,0.0,402.86
22-Nov-2025 20:00,SLV Refreshments,RR532498,126.35,0.0,276.51
23-Nov-2025 06:00,Nandini Milk Parlour,RR596054,653.71,0.0,330.8
23-Nov-2025 16:00,Local Vegetable Vendor,RR604799,779.44,0.0,365.23
24-Nov-2025 02:00,Auto-UPI Pay,RR577706,1024.27,0.0,439.16
24-Nov-2025 12:00,Star Local Supermarket,RR125605,213.77,0.0,225.4
24-Nov-2025 22:00,Nandini Milk Parlour,RR814385,496.35,0.0,133.21
25-Nov-2025 08:00,Balaji Medicals,RR158738,1041.87,0.0,104.47
25-Nov-2025 18:00,Auto-UPI Pay,RR846710,571.18,0.0,328.34
26-Nov-2025 04:00,Auto-UPI Pay,RR104707,890.18,0.0,471.03
26-Nov-2025 14:00,Fastrack Service Center,RR450777,1021.09,0.0,351.56
27-Nov-2025 00:00,Star Local Supermarket,RR582413,798.58,0.0,208.21
27-Nov-2025 10:00,Nandini Milk Parlour,RR333363,723.49,0.0,157.1
27-Nov-2025 20:00,Star Local Supermarket,RR971858,850.88,0.0,144.24
28-Nov-2025 06:00,Amma Bakery,RR782654,736.33,0.0,123.87
28-Nov-2025 16:00,Siddeshwara Kirana Store,RR292879,976.45,0.0,127.43
29-Nov-2025 02:00,Auto-UPI Pay,RR143511,388.27,0.0,311.9
29-Nov-2025 12:00,Auto-UPI Pay,RR201587,97.57,0.0,214.33
29-Nov-2025 22:00,Fastrack Service Center,RR753436,179.81,0.0,34.52
30-Nov-2025 08:00,Auto-UPI Pay,RR458658,351.62,0.0,284.46
30-Nov-2025 18:00,Star Local Supermarket,RR362415,941.45,0.0,402.03
01-Dec-2025 04:00,Fastrack Service Center,RR269811,725.03,0.0,221.76
01-Dec-2025 14:00,Local Vegetable Vendor,RR543590,536.39,0.0,332.35
02-Dec-2025 00:00,Star Local Supermarket,RR531232,656.9,0.0,220.53
02-Dec-2025 10:00,Fastrack Service Center,RR441275,854.99,0.0,424.44
02-Dec-2025 20:00,Local Vegetable Vendor,RR801577,59.78,0.0,364.65
03-Dec-2025 06:00,Shell Petrol Bunk,RR959859,679.56,0.0,302.3
03-Dec-2025 16:00,Balaji Medicals,RR540225,588.38,0.0,308.88
04-Dec-2025 02:00,Fastrack Service Center,RR670333,524.31,0.0,170.53
04-Dec-2025 12:00,Laundry Service,RR852254,389.77,0.0,455.93
04-Dec-2025 22:00,Laundry Service,RR991526,504.53,0.0,348.12
05-Dec-2025 08:00,Fastrack Service Center,RR350215,1006.44,0.0,373.46
05-Dec-2025 18:00,Local Vegetable Vendor,RR907670,585.37,0.0,108.43
06-Dec-2025 04:00,Shell Petrol Bunk,RR679996,121.03,0.0,164.28
06-Dec-2025 14:00,Shell Petrol Bunk,RR250786,556.73,0.0,284.85
07-Dec-2025 00:00,Balaji Medicals,RR339457,339.63,0.0,477.3
07-Dec-2025 10:00,Shell Petrol Bunk,RR765075,917.7,0.0,421.06
07-Dec-2025 20:00,Local Vegetable Vendor,RR156190,199.14,0.0,221.92
08-Dec-2025 06:00,Shell Petrol Bunk,RR206199,175.3,0.0,46.61
08-Dec-2025 16:00,Balaji Medicals,RR873847,710.6,0.0,410.98
09-Dec-2025 02:00,Star Local Supermarket,RR678282,608.5,0.0,145.97
09-Dec-2025 12:00,Auto-UPI Pay,RR358849,701.1,0.0,231.29
09-Dec-2025 22:00,Star Local Supermarket,RR369110,701.32,0.0,233.7
10-Dec-2025 08:00,Local Vegetable Vendor,RR836359,242.27,0.0,284.87
10-Dec-2025 18:00,SLV Refreshments,RR232975,460.01,0.0,483.53
11-Dec-2025 04:00,Star Local Supermarket,RR205821,232.41,0.0,251.12
11-Dec-2025 14:00,Shell Petrol Bunk,RR453906,536.65,0.0,331.48
12-Dec-2025 00:00,Siddeshwara Kirana Store,RR658793,591.47,0.0,293.75
12-Dec-2025 10:00,Nandini Milk Parlour,RR827615,553.01,0.0,257.54
12-Dec-2025 20:00,Fastrack Service Center,RR230967,1076.73,0.0,154.86
13-Dec-2025 06:00,Shell Petrol Bunk,RR686155,507.33,0.0,443.64
13-Dec-2025 16:00,Local Vegetable Vendor,RR621820,551.43,0.0,302.1
14-Dec-2025 02:00,Local Vegetable Vendor,RR389443,1082.42,0.0,205.56
14-Dec-2025 12:00,Siddeshwara Kirana Store,RR128307,973.47,0.0,387.53
14-Dec-2025 22:00,Balaji Medicals,RR498950,901.35,0.0,116.93
15-Dec-2025 08:00,Amma Bakery,RR592525,1101.55,0.0,389.98
15-Dec-2025 18:00,Local Vegetable Vendor,RR907267,978.01,0.0,375.11
16-Dec-2025 04:00,Nandini Milk Parlour,RR717485,997.41,0.0,389.86
16-Dec-2025 14:00,SLV Refreshments,RR136456,933.34,0.0,324.88
17-Dec-2025 00:00,Star Local Supermarket,RR446699,71.0,0.0,253.88
17-Dec-2025 10:00,Star Local Supermarket,RR710749,561.52,0.0,498.68
17-Dec-2025 20:00,Siddeshwara Kirana Store,RR348569,625.59,0.0,287.57
18-Dec-2025 06:00,Nandini Milk Parlour,RR173936,198.41,0.0,89.16
18-Dec-2025 16:00,Nandini Milk Parlour,RR992912,327.09,0.0,382.41
19-Dec-2025 02:00,Balaji Medicals,RR561858,941.04,0.0,269.04
19-Dec-2025 12:00,Balaji Medicals,RR874402,56.31,0.0,212.73
19-Dec-2025 22:00,Siddeshwara Kirana Store,RR818966,384.83,0.0,412.2
20-Dec-2025 08:00,SLV Refreshments,RR115982,460.43,0.0,427.45
20-Dec-2025 18:00,Amma Bakery,RR258214,289.6,0.0,137.84
21-Dec-2025 04:00,Siddeshwara Kirana Store,RR198868,121.99,0.0,15.85
21-Dec-2025 14:00,Star Local Supermarket,RR103712,350.59,0.0,130.68
22-Dec-2025 00:00,Siddeshwara Kirana Store,RR799399,515.02,0.0,395.89
22-Dec-2025 10:00,Laundry Service,RR666406,1185.82,0.0,270.24
22-Dec-2025 20:00,Nandini Milk Parlour,RR851306,127.28,0.0,142.96
23-Dec-2025 06:00,SLV Refreshments,RR770633,221.19,0.0,399.25
23-Dec-2025 16:00,Fastrack Service Center,RR978786,547.57,0.0,112.28
24-Dec-2025 02:00,Shell Petrol Bunk,RR467916,143.88,0.0,355.03
24-Dec-2025 12:00,Auto-UPI Pay,RR813998,942.96,0.0,380.93
24-Dec-2025 22:00,Siddeshwara Kirana Store,RR438048,929.18,0.0,206.46
25-Dec-2025 08:00,Shell Petrol Bunk,RR827760,264.03,0.0,180.33
25-Dec-2025 18:00,Star Local Supermarket,RR568457,439.37,0.0,253.69
26-Dec-2025 04:00,Shell Petrol Bunk,RR257031,452.95,0.0,389.13
26-Dec-2025 14:00,Star Local Supermarket,RR789339,242.9,0.0,146.23
27-Dec-2025 00:00,Star Local Supermarket,RR902610,821.05,0.0,139.09
27-Dec-2025 10:00,Shell Petrol Bunk,RR664741,143.0,0.0,182.9
27-Dec-2025 20:00,Nandini Milk Parlour,RR515124,771.46,0.0,238.35
28-Dec-2025 06:00,Nandini Milk Parlour,RR431202,748.35,0.0,251.71
28-Dec-2025 16:00,Balaji Medicals,RR918426,521.01,0.0,322.78
29-Dec-2025 02:00,Local Vegetable Vendor,RR888990,1066.89,0.0,330.66
29-Dec-2025 12:00,Laundry Service,RR955744,701.67,0.0,341.54
29-Dec-2025 22:00,Laundry Service,RR343489,889.52,0.0,477.27
30-Dec-2025 08:00,Siddeshwara Kirana Store,RR940540,249.69,0.0,227.58
30-Dec-2025 18:00,Star Local Supermarket,RR956515,249.21,0.0,234.75
31-Dec-2025 04:00,Local Vegetable Vendor,RR224122,795.53,0.0,329.08
31-Dec-2025 14:00,SLV Refreshments,RR793290,732.03,0.0,469.62
01-Jan-2026 00:00,Fastrack Service Center,RR444570,641.15,0.0,432.11
01-Jan-2026 10:00,Shell Petrol Bunk,RR173913,206.32,0.0,225.79
01-Jan-2026 20:00,Fastrack Service Center,RR619976,195.31,0.0,30.48
02-Jan-2026 06:00,Laundry Service,RR534130,428.92,0.0,349.7
02-Jan-2026 16:00,Star Local Supermarket,RR689155,419.95,0.0,324.14
03-Jan-2026 02:00,Balaji Medicals,RR832499,761.62,0.0,310.0
03-Jan-2026 12:00,Balaji Medicals,RR248995,221.55,0.0,88.46
03-Jan-2026 22:00,Nandini Milk Parlour,RR817763,956.2,0.0,109.09
04-Jan-2026 08:00,Auto-UPI Pay,RR716518,879.44,0.0,124.17
04-Jan-2026 18:00,Siddeshwara Kirana Store,RR327341,442.56,0.0,332.53
05-Jan-2026 04:00,Star Local Supermarket,RR369753,1087.87,0.0,437.75
05-Jan-2026 14:00,Amma Bakery,RR735315,814.41,0.0,434.63
06-Jan-2026 00:00,Auto-UPI Pay,RR886083,115.41,0.0,319.22
06-Jan-2026 10:00,Nandini Milk Parlour,RR525633,457.1,0.0,440.33
06-Jan-2026 20:00,Nandini Milk Parlour,RR323688,1022.18,0.0,126.88
07-Jan-2026 06:00,Siddeshwara Kirana Store,RR751965,127.76,0.0,307.66
07-Jan-2026 16:00,SLV Refreshments,RR541351,1169.64,0.0,160.21
08-Jan-2026 02:00,Fastrack Service Center,RR938584,494.71,0.0,171.55
08-Jan-2026 12:00,Balaji Medicals,RR192549,868.84,0.0,226.77
08-Jan-2026 22:00,Auto-UPI Pay,RR416947,410.44,0.0,212.67
09-Jan-2026 08:00,SLV Refreshments,RR867034,771.26,0.0,297.58
09-Jan-2026 18:00,SLV Refreshments,RR357221,1091.0,0.0,249.0
10-Jan-2026 04:00,Laundry Service,RR656684,985.53,0.0,261.31
10-Jan-2026 14:00,Fastrack Service Center,RR674791,1169.86,0.0,250.74
11-Jan-2026 00:00,Nandini Milk Parlour,RR373733,418.15,0.0,461.78
11-Jan-2026 10:00,Auto-UPI Pay,RR904486,955.21,0.0,199.58
11-Jan-2026 20:00,SLV Refreshments,RR243779,701.07,0.0,435.94
12-Jan-2026 06:00,Nandini Milk Parlour,RR849857,499.57,0.0,480.45
12-Jan-2026 16:00,Auto-UPI Pay,RR312613,415.83,0.0,64.62
13-Jan-2026 02:00,Auto-UPI Pay,RR769555,1032.97,0.0,320.32
13-Jan-2026 12:00,Balaji Medicals,RR906657,1070.98,0.0,135.67
13-Jan-2026 22:00,Auto-UPI Pay,RR854857,296.6,0.0,346.78
14-Jan-2026 08:00,Amma Bakery,RR360388,609.48,0.0,152.13
14-Jan-2026 18:00,Siddeshwara Kirana Store,RR374308,745.13,0.0,476.84
15-Jan-2026 04:00,Amma Bakery,RR715995,796.36,0.0,164.26
15-Jan-2026 14:00,Siddeshwara Kirana Store,RR987209,123.5,0.0,40.75
16-Jan-2026 00:00,Fastrack Service Center,RR184234,773.13,0.0,361.33
16-Jan-2026 10:00,Local Vegetable Vendor,RR873473,266.45,0.0,94.88
16-Jan-2026 20:00,Shell Petrol Bunk,RR171562,1080.71,0.0,323.73
17-Jan-2026 06:00,Shell Petrol Bunk,RR635095,1091.33,0.0,389.23
17-Jan-2026 16:00,Fastrack Service Center,RR592115,1090.12,0.0,249.5
18-Jan-2026 02:00,Shell Petrol Bunk,RR286571,638.85,0.0,415.48
18-Jan-2026 12:00,SLV Refreshments,RR551258,797.21,0.0,207.37
18-Jan-2026 22:00,Amma Bakery,RR142166,256.49,0.0,361.22
19-Jan-2026 08:00,Siddeshwara Kirana Store,RR283369,834.83,0.0,312.82
19-Jan-2026 18:00,Fastrack Service Center,RR855263,1005.75,0.0,107.56
20-Jan-2026 04:00,SLV Refreshments,RR746986,578.72,0.0,423.2
20-Jan-2026 14:00,Siddeshwara Kirana Store,RR647520,848.85,0.0,424.89
21-Jan-2026 00:00,Amma Bakery,RR398316,705.06,0.0,395.52
21-Jan-2026 10:00,Local Vegetable Vendor,RR454543,740.95,0.0,368.63
21-Jan-2026 20:00,Local Vegetable Vendor,RR338868,342.71,0.0,25.92
22-Jan-2026 06:00,Local Vegetable Vendor,RR558085,892.36,0.0,424.96
22-Jan-2026 16:00,SLV Refreshments,RR160111,601.87,0.0,283.95
23-Jan-2026 02:00,Local Vegetable Vendor,RR603969,225.36,0.0,58.6
23-Jan-2026 12:00,Local Vegetable Vendor,RR518409,111.59,0.0,236.46
23-Jan-2026 22:00,Laundry Service,RR998617,307.73,0.0,472.8
24-Jan-2026 08:00,Amma Bakery,RR681179,756.55,0.0,165.67
24-Jan-2026 18:00,Star Local Supermarket,RR484967,817.98,0.0,108.92
25-Jan-2026 04:00,Amma Bakery,RR760485,867.22,0.0,165.65
25-Jan-2026 14:00,SLV Refreshments,RR802752,102.84,0.0,62.8
26-Jan-2026 00:00,Fastrack Service Center,RR263461,1029.99,0.0,120.26
26-Jan-2026 10:00,Auto-UPI Pay,RR261009,442.06,0.0,246.04
26-Jan-2026 20:00,Star Local Supermarket,RR930070,724.93,0.0,199.35
27-Jan-2026 06:00,Siddeshwara Kirana Store,RR158467,849.71,0.0,422.03
27-Jan-2026 16:00,Nandini Milk Parlour,RR952292,722.95,0.0,191.56
28-Jan-2026 02:00,SLV Refreshments,RR382727,897.76,0.0,380.98
28-Jan-2026 12:00,Shell Petrol Bunk,RR741783,1195.84,0.0,439.69
28-Jan-2026 22:00,Fastrack Service Center,RR705927,526.13,0.0,385.19
29-Jan-2026 08:00,Shell Petrol Bunk,RR154908,802.59,0.0,392.16
29-Jan-2026 18:00,SLV Refreshments,RR975127,563.8,0.0,383.03
30-Jan-2026 04:00,Balaji Medicals,RR341838,927.78,0.0,233.11
30-Jan-2026 14:00,SLV Refreshments,RR515717,450.59,0.0,390.91
31-Jan-2026 00:00,Auto-UPI Pay,RR337687,463.7,0.0,269.19
31-Jan-2026 10:00,Amma Bakery,RR290497,256.58,0.0,12.61
31-Jan-2026 20:00,Balaji Medicals,RR802778,954.6,0.0,234.05
01-Feb-2026 06:00,Siddeshwara Kirana Store,RR188043,419.98,0.0,322.69
01-Feb-2026 16:00,SALARY CREDIT - CORP,RR184981,0.0,98546.96,98869.66
02-Feb-2026 02:00,Laundry Service,RR796418,1191.94,0.0,97677.72
02-Feb-2026 12:00,Fastrack Service Center,RR578581,174.54,0.0,97503.18
02-Feb-2026 22:00,Laundry Service,RR431681,458.8,0.0,97044.39
03-Feb-2026 08:00,Amma Bakery,RR905237,78.49,0.0,96965.9
03-Feb-2026 18:00,Amma Bakery,RR784801,153.59,0.0,96812.31
04-Feb-2026 04:00,Siddeshwara Kirana Store,RR277273,737.59,0.0,96074.72
04-Feb-2026 14:00,Local Vegetable Vendor,RR382153,437.15,0.0,95637.57
05-Feb-2026 00:00,Nandini Milk Parlour,RR829805,1084.38,0.0,94553.19
05-Feb-2026 10:00,Local Vegetable Vendor,RR132374,446.68,0.0,94106.51
05-Feb-2026 20:00,Laundry Service,RR333358,360.98,0.0,93745.52
06-Feb-2026 06:00,Laundry Service,RR539222,586.75,0.0,93158.77
06-Feb-2026 16:00,Laundry Service,RR624724,396.14,0.0,92762.64
07-Feb-2026 02:00,Balaji Medicals,RR121329,984.59,0.0,91778.04
07-Feb-2026 12:00,Amma Bakery,RR473432,916.09,0.0,90861.95
07-Feb-2026 22:00,Local Vegetable Vendor,RR630384,977.97,0.0,89883.98
08-Feb-2026 08:00,Balaji Medicals,RR723261,493.52,0.0,89390.46
08-Feb-2026 18:00,Fastrack Service Center,RR837031,524.23,0.0,88866.23
09-Feb-2026 04:00,Siddeshwara Kirana Store,RR149243,375.65,0.0,88490.58
09-Feb-2026 14:00,SLV Refreshments,RR554235,586.75,0.0,87903.83
10-Feb-2026 00:00,Nandini Milk Parlour,RR569778,844.2,0.0,87059.63
10-Feb-2026 10:00,Amma Bakery,RR808510,878.01,0.0,86181.62
10-Feb-2026 20:00,Nandini Milk Parlour,RR798367,1072.26,0.0,85109.36
11-Feb-2026 06:00,Balaji Medicals,RR535356,89.93,0.0,85019.43
11-Feb-2026 16:00,Fastrack Service Center,RR518172,1031.89,0.0,83987.54
12-Feb-2026 02:00,Nandini Milk Parlour,RR615782,899.11,0.0,83088.43
12-Feb-2026 12:00,Shell Petrol Bunk,RR732295,1026.37,0.0,82062.06
12-Feb-2026 22:00,Amma Bakery,RR342738,394.94,0.0,81667.12
13-Feb-2026 08:00,Local Vegetable Vendor,RR102297,360.49,0.0,81306.64
13-Feb-2026 18:00,Laundry Service,RR355824,757.56,0.0,80549.07
14-Feb-2026 04:00,Siddeshwara Kirana Store,RR794642,973.35,0.0,79575.72
14-Feb-2026 14:00,SLV Refreshments,RR184790,207.35,0.0,79368.38
15-Feb-2026 00:00,Laundry Service,RR805737,1146.55,0.0,78221.83
15-Feb-2026 10:00,Balaji Medicals,RR335320,320.04,0.0,77901.79
15-Feb-2026 20:00,Nandini Milk Parlour,RR250022,843.33,0.0,77058.46
16-Feb-2026 06:00,Local Vegetable Vendor,RR728954,754.44,0.0,76304.01
16-Feb-2026 16:00,Fastrack Service Center,RR245406,447.5,0.0,75856.51
17-Feb-2026 02:00,Auto-UPI Pay,RR189169,1094.31,0.0,74762.2
17-Feb-2026 12:00,Shell Petrol Bunk,RR510122,259.28,0.0,74502.92
17-Feb-2026 22:00,Star Local Supermarket,RR330554,70.57,0.0,74432.36
18-Feb-2026 08:00,Siddeshwara Kirana Store,RR557321,337.34,0.0,74095.02
18-Feb-2026 18:00,SLV Refreshments,RR370821,91.79,0.0,74003.23
19-Feb-2026 04:00,Siddeshwara Kirana Store,RR878718,660.54,0.0,73342.69
19-Feb-2026 14:00,Local Vegetable Vendor,RR548767,440.68,0.0,72902.01
20-Feb-2026 00:00,Laundry Service,RR814498,968.25,0.0,71933.76
20-Feb-2026 10:00,Siddeshwara Kirana Store,RR447464,842.14,0.0,71091.62
20-Feb-2026 20:00,Laundry Service,RR991112,238.93,0.0,70852.69
21-Feb-2026 06:00,Siddeshwara Kirana Store,RR440194,350.49,0.0,70502.2
21-Feb-2026 16:00,Laundry Service,RR384130,124.33,0.0,70377.88
22-Feb-2026 02:00,Local Vegetable Vendor,RR780379,1057.75,0.0,69320.12
22-Feb-2026 12:00,Balaji Medicals,RR902903,527.44,0.0,68792.68
22-Feb-2026 22:00,Auto-UPI Pay,RR130061,862.78,0.0,67929.91
23-Feb-2026 08:00,Star Local Supermarket,RR472737,694.81,0.0,67235.1
23-Feb-2026 18:00,Fastrack Service Center,RR373038,489.21,0.0,66745.89
24-Feb-2026 04:00,Star Local Supermarket,RR614020,1005.92,0.0,65739.97
24-Feb-2026 14:00,Nandini Milk Parlour,RR653305,1017.75,0.0,64722.23
25-Feb-2026 00:00,Local Vegetable Vendor,RR355831,913.74,0.0,63808.49
25-Feb-2026 10:00,Fastrack Service Center,RR222476,248.21,0.0,63560.28
25-Feb-2026 20:00,Local Vegetable Vendor,RR175565,592.13,0.0,62968.15
26-Feb-2026 06:00,Balaji Medicals,RR409964,1008.73,0.0,61959.42
26-Feb-2026 16:00,Fastrack Service Center,RR800731,355.91,0.0,61603.51
27-Feb-2026 02:00,Fastrack Service Center,RR658554,657.84,0.0,60945.67
27-Feb-2026 12:00,Balaji Medicals,RR806518,1152.54,0.0,59793.13
27-Feb-2026 22:00,Nandini Milk Parlour,RR146491,402.1,0.0,59391.03
28-Feb-2026 08:00,Fastrack Service Center,RR479068,94.3,0.0,59296.73
28-Feb-2026 18:00,Fastrack Service Center,RR934032,575.3,0.0,58721.43
01-Mar-2026 04:00,Local Vegetable Vendor,RR355278,784.32,0.0,57937.11
01-Mar-2026 14:00,Star Local Supermarket,RR851850,900.06,0.0,57037.05
02-Mar-2026 00:00,Amma Bakery,RR173389,348.48,0.0,56688.56
02-Mar-2026 10:00,SLV Refreshments,RR830523,273.17,0.0,56415.4
02-Mar-2026 20:00,Fastrack Service Center,RR940175,514.91,0.0,55900.49
03-Mar-2026 06:00,Local Vegetable Vendor,RR387861,1045.08,0.0,54855.41
03-Mar-2026 16:00,Shell Petrol Bunk,RR334769,690.77,0.0,54164.64
04-Mar-2026 02:00,Amma Bakery,RR771878,454.53,0.0,53710.11
04-Mar-2026 12:00,Auto-UPI Pay,RR344553,1031.27,0.0,52678.84
04-Mar-2026 22:00,Siddeshwara Kirana Store,RR342890,1161.44,0.0,51517.4
05-Mar-2026 08:00,Local Vegetable Vendor,RR924329,258.79,0.0,51258.6
05-Mar-2026 18:00,Star Local Supermarket,RR424853,899.95,0.0,50358.65
06-Mar-2026 04:00,Auto-UPI Pay,RR415769,846.17,0.0,49512.49
06-Mar-2026 14:00,Nandini Milk Parlour,RR898177,157.49,0.0,49355.0
07-Mar-2026 00:00,Fastrack Service Center,RR685957,724.87,0.0,48630.13
07-Mar-2026 10:00,Star Local Supermarket,RR365177,626.13,0.0,48004.0
07-Mar-2026 20:00,Auto-UPI Pay,RR637871,871.75,0.0,47132.25
08-Mar-2026 06:00,Nandini Milk Parlour,RR322023,112.13,0.0,47020.12
08-Mar-2026 16:00,Siddeshwara Kirana Store,RR542544,748.53,0.0,46271.59
09-Mar-2026 02:00,Siddeshwara Kirana Store,RR442915,962.43,0.0,45309.16
09-Mar-2026 12:00,Amma Bakery,RR716892,378.06,0.0,44931.1
09-Mar-2026 22:00,Balaji Medicals,RR784819,602.8,0.0,44328.3
10-Mar-2026 08:00,Shell Petrol Bunk,RR353000,215.32,0.0,44112.98
10-Mar-2026 18:00,Balaji Medicals,RR555901,546.37,0.0,43566.62
11-Mar-2026 04:00,SLV Refreshments,RR953694,345.31,0.0,43221.3
11-Mar-2026 14:00,Star Local Supermarket,RR960247,450.29,0.0,42771.02
12-Mar-2026 00:00,Nandini Milk Parlour,RR179419,964.84,0.0,41806.17
12-Mar-2026 10:00,Fastrack Service Center,RR410862,1049.51,0.0,40756.66
12-Mar-2026 20:00,Fastrack Service Center,RR585773,846.03,0.0,39910.63
13-Mar-2026 06:00,Fastrack Service Center,RR128353,1049.82,0.0,38860.81
13-Mar-2026 16:00,Siddeshwara Kirana Store,RR739458,523.74,0.0,38337.07
14-Mar-2026 02:00,Laundry Service,RR843789,533.38,0.0,37803.69
14-Mar-2026 12:00,Shell Petrol Bunk,RR736191,206.91,0.0,37596.78
14-Mar-2026 22:00,Siddeshwara Kirana Store,RR402681,151.76,0.0,37445.01
15-Mar-2026 08:00,Laundry Service,RR585040,854.11,0.0,36590.9
15-Mar-2026 18:00,Shell Petrol Bunk,RR271530,1024.34,0.0,35566.57
16-Mar-2026 04:00,Shell Petrol Bunk,RR897004,857.26,0.0,34709.31
16-Mar-2026 14:00,Local Vegetable Vendor,RR414646,927.43,0.0,33781.88
17-Mar-2026 00:00,Siddeshwara Kirana Store,RR909470,977.91,0.0,32803.97
17-Mar-2026 10:00,SLV Refreshments,RR330378,175.66,0.0,32628.31
17-Mar-2026 20:00,Amma Bakery,RR762153,842.6,0.0,31785.71
18-Mar-2026 06:00,Auto-UPI Pay,RR236943,624.63,0.0,31161.09
18-Mar-2026 16:00,Laundry Service,RR920682,194.01,0.0,30967.08
19-Mar-2026 02:00,Laundry Service,RR604972,188.39,0.0,30778.69
19-Mar-2026 12:00,Laundry Service,RR416317,692.98,0.0,30085.71
19-Mar-2026 22:00,Laundry Service,RR938434,262.96,0.0,29822.76
20-Mar-2026 08:00,Star Local Supermarket,RR430360,264.62,0.0,29558.14
20-Mar-2026 18:00,Auto-UPI Pay,RR478444,701.89,0.0,28856.25
21-Mar-2026 04:00,Amma Bakery,RR846900,54.06,0.0,28802.2
21-Mar-2026 14:00,Auto-UPI Pay,RR765719,791.68,0.0,28010.52
22-Mar-2026 00:00,Fastrack Service Center,RR681145,905.64,0.0,27104.88
22-Mar-2026 10:00,Balaji Medicals,RR593298,960.91,0.0,26143.97
22-Mar-2026 20:00,Fastrack Service Center,RR689131,1118.08,0.0,25025.89
23-Mar-2026 06:00,Siddeshwara Kirana Store,RR275335,587.48,0.0,24438.41
23-Mar-2026 16:00,Nandini Milk Parlour,RR392882,259.1,0.0,24179.31
24-Mar-2026 02:00,Shell Petrol Bunk,RR799345,183.36,0.0,23995.96
24-Mar-2026 12:00,Star Local Supermarket,RR368703,341.0,0.0,23654.96
24-Mar-2026 22:00,Amma Bakery,RR512679,157.19,0.0,23497.76
25-Mar-2026 08:00,SLV Refreshments,RR856609,685.0,0.0,22812.76
25-Mar-2026 18:00,Fastrack Service Center,RR332454,210.67,0.0,22602.09
26-Mar-2026 04:00,SLV Refreshments,RR406613,379.2,0.0,22222.88
26-Mar-2026 14:00,Shell Petrol Bunk,RR922563,623.72,0.0,21599.16
27-Mar-2026 00:00,Siddeshwara Kirana Store,RR634469,331.76,0.0,21267.4
27-Mar-2026 10:00,Balaji Medicals,RR649324,323.87,0.0,20943.53
27-Mar-2026 20:00,Balaji Medicals,RR625975,1000.69,0.0,19942.85
28-Mar-2026 06:00,SLV Refreshments,RR546380,729.86,0.0,19212.99
28-Mar-2026 16:00,Local Vegetable Vendor,RR674879,433.84,0.0,18779.14
29-Mar-2026 02:00,Fastrack Service Center,RR890295,1116.57,0.0,17662.57
29-Mar-2026 12:00,Star Local Supermarket,RR177700,875.32,0.0,16787.25
29-Mar-2026 22:00,Nandini Milk Parlour,RR460231,1080.95,0.0,15706.3
30-Mar-2026 08:00,Balaji Medicals,RR202036,104.65,0.0,15601.65
30-Mar-2026 18:00,Nandini Milk Parlour,RR360970,910.55,0.0,14691.1
31-Mar-2026 04:00,Auto-UPI Pay,RR757151,690.34,0.0,14000.75
31-Mar-2026 14:00,Nandini Milk Parlour,RR718268,443.25,0.0,13557.51
01-Apr-2026 00:00,SALARY CREDIT - CORP,RR717449,0.0,93193.53,106751.04
01-Apr-2026 10:00,SLV Refreshments,RR624743,327.54,0.0,106423.5
01-Apr-2026 20:00,Star Local Supermarket,RR943963,907.58,0.0,105515.93
02-Apr-2026 06:00,Shell Petrol Bunk,RR829262,877.1,0.0,104638.82
02-Apr-2026 16:00,Amma Bakery,RR889645,365.49,0.0,104273.33
03-Apr-2026 02:00,Shell Petrol Bunk,RR109898,438.87,0.0,103834.46
03-Apr-2026 12:00,Siddeshwara Kirana Store,RR578447,747.48,0.0,103086.98
03-Apr-2026 22:00,SLV Refreshments,RR662743,669.44,0.0,102417.54
04-Apr-2026 08:00,Balaji Medicals,RR127409,818.19,0.0,101599.35
04-Apr-2026 18:00,SLV Refreshments,RR596066,414.22,0.0,101185.13
05-Apr-2026 04:00,Local Vegetable Vendor,RR574595,1100.37,0.0,100084.76
05-Apr-2026 14:00,SLV Refreshments,RR556971,819.25,0.0,99265.51
06-Apr-2026 00:00,Shell Petrol Bunk,RR634398,174.16,0.0,99091.35
06-Apr-2026 10:00,Fastrack Service Center,RR729804,121.6,0.0,98969.76
06-Apr-2026 20:00,Auto-UPI Pay,RR589046,1196.04,0.0,97773.71
07-Apr-2026 06:00,SLV Refreshments,RR687271,578.69,0.0,97195.02
07-Apr-2026 16:00,Local Vegetable Vendor,RR462689,626.3,0.0,96568.73
08-Apr-2026 02:00,Balaji Medicals,RR746970,258.81,0.0,96309.91
08-Apr-2026 12:00,Fastrack Service Center,RR904600,562.8,0.0,95747.11
08-Apr-2026 22:00,Fastrack Service Center,RR854548,852.14,0.0,94894.97
09-Apr-2026 08:00,Laundry Service,RR851988,877.02,0.0,94017.95
09-Apr-2026 18:00,Local Vegetable Vendor,RR350134,773.86,0.0,93244.08
10-Apr-2026 04:00,Amma Bakery,RR685162,1186.47,0.0,92057.62
10-Apr-2026 14:00,Balaji Medicals,RR295097,745.41,0.0,91312.2
11-Apr-2026 00:00,Siddeshwara Kirana Store,RR545025,528.11,0.0,90784.1
11-Apr-2026 10:00,SLV Refreshments,RR110939,346.68,0.0,90437.42
11-Apr-2026 20:00,SLV Refreshments,RR503456,528.99,0.0,89908.43
12-Apr-2026 06:00,Balaji Medicals,RR572204,912.76,0.0,88995.67
12-Apr-2026 16:00,Balaji Medicals,RR742294,351.94,0.0,88643.72
13-Apr-2026 02:00,Siddeshwara Kirana Store,RR149452,80.04,0.0,88563.68
13-Apr-2026 12:00,SLV Refreshments,RR336599,165.72,0.0,88397.96
13-Apr-2026 22:00,Auto-UPI Pay,RR417174,598.02,0.0,87799.94
14-Apr-2026 08:00,Local Vegetable Vendor,RR352414,439.65,0.0,87360.29
14-Apr-2026 18:00,Balaji Medicals,RR463035,298.87,0.0,87061.42
15-Apr-2026 04:00,Balaji Medicals,RR851787,666.15,0.0,86395.28
15-Apr-2026 14:00,Star Local Supermarket,RR791436,197.91,0.0,86197.36
16-Apr-2026 00:00,Siddeshwara Kirana Store,RR251889,120.72,0.0,86076.64
16-Apr-2026 10:00,Laundry Service,RR402223,680.18,0.0,85396.46
16-Apr-2026 20:00,Star Local Supermarket,RR759919,233.97,0.0,85162.49
17-Apr-2026 06:00,Nandini Milk Parlour,RR398818,343.77,0.0,84818.71
17-Apr-2026 16:00,Siddeshwara Kirana Store,RR404713,551.4,0.0,84267.31
18-Apr-2026 02:00,Star Local Supermarket,RR259481,1154.89,0.0,83112.42
18-Apr-2026 12:00,Balaji Medicals,RR756611,955.3,0.0,82157.13
18-Apr-2026 22:00,Balaji Medicals,RR959245,751.93,0.0,81405.19
19-Apr-2026 08:00,Star Local Supermarket,RR765742,410.66,0.0,80994.53
19-Apr-2026 18:00,Local Vegetable Vendor,RR930633,898.19,0.0,80096.34
20-Apr-2026 04:00,Nandini Milk Parlour,RR688355,903.7,0.0,79192.64
20-Apr-2026 14:00,Amma Bakery,RR775818,545.93,0.0,78646.71
21-Apr-2026 00:00,Siddeshwara Kirana Store,RR628072,394.76,0.0,78251.95
21-Apr-2026 10:00,Siddeshwara Kirana Store,RR648386,437.19,0.0,77814.76
21-Apr-2026 20:00,Siddeshwara Kirana Store,RR514963,856.53,0.0,76958.23
22-Apr-2026 06:00,Shell Petrol Bunk,RR230813,313.21,0.0,76645.02
22-Apr-2026 16:00,Siddeshwara Kirana Store,RR292153,485.46,0.0,76159.56
23-Apr-2026 02:00,Amma Bakery,RR381722,509.96,0.0,75649.6
23-Apr-2026 12:00,Shell Petrol Bunk,RR700723,804.28,0.0,74845.32
23-Apr-2026 22:00,Star Local Supermarket,RR172503,213.11,0.0,74632.21
24-Apr-2026 08:00,Siddeshwara Kirana Store,RR459999,564.62,0.0,74067.58
24-Apr-2026 18:00,Laundry Service,RR348205,185.19,0.0,73882.4
25-Apr-2026 04:00,Local Vegetable Vendor,RR655188,424.65,0.0,73457.75
25-Apr-2026 14:00,Local Vegetable Vendor,RR202817,1129.0,0.0,72328.75
26-Apr-2026 00:00,Local Vegetable Vendor,RR362862,835.04,0.0,71493.71
26-Apr-2026 10:00,Siddeshwara Kirana Store,RR857826,471.92,0.0,71021.79
26-Apr-2026 20:00,Siddeshwara Kirana Store,RR549458,763.1,0.0,70258.69
27-Apr-2026 06:00,Laundry Service,RR831199,1012.0,0.0,69246.69
27-Apr-2026 16:00,Star Local Supermarket,RR945942,806.4,0.0,68440.29
28-Apr-2026 02:00,Auto-UPI Pay,RR468495,69.86,0.0,68370.43
28-Apr-2026 12:00,Star Local Supermarket,RR816827,1125.37,0.0,67245.06
28-Apr-2026 22:00,SLV Refreshments,RR701221,308.0,0.0,66937.06
29-Apr-2026 08:00,Shell Petrol Bunk,RR884179,778.12,0.0,66158.94
29-Apr-2026 18:00,Nandini Milk Parlour,RR279512,51.14,0.0,66107.8
30-Apr-2026 04:00,Fastrack Service Center,RR768287,1131.77,0.0,64976.03
30-Apr-2026 14:00,Star Local Supermarket,RR124236,866.45,0.0,64109.58
01-May-2026 00:00,Shell Petrol Bunk,RR676680,104.62,0.0,64004.96
01-May-2026 10:00,Fastrack Service Center,RR352672,1111.11,0.0,62893.85
01-May-2026 20:00,Siddeshwara Kirana Store,RR716210,707.03,0.0,62186.82
02-May-2026 06:00,Laundry Service,RR295399,63.94,0.0,62122.87
02-May-2026 16:00,Local Vegetable Vendor,RR806311,871.45,0.0,61251.42
03-May-2026 02:00,Fastrack Service Center,RR181885,1199.8,0.0,60051.62
03-May-2026 12:00,Balaji Medicals,RR491311,121.33,0.0,59930.29
03-May-2026 22:00,Star Local Supermarket,RR534760,494.84,0.0,59435.46
04-May-2026 08:00,Laundry Service,RR893753,328.44,0.0,59107.02
04-May-2026 18:00,Laundry Service,RR212837,510.06,0.0,58596.96
05-May-2026 04:00,Shell Petrol Bunk,RR109900,1155.78,0.0,57441.18
05-May-2026 14:00,Auto-UPI Pay,RR616549,831.03,0.0,56610.15
06-May-2026 00:00,Amma Bakery,RR352184,346.96,0.0,56263.19
06-May-2026 10:00,Balaji Medicals,RR324284,294.6,0.0,55968.59
06-May-2026 20:00,Laundry Service,RR220129,592.59,0.0,55376.0
07-May-2026 06:00,Amma Bakery,RR138850,715.77,0.0,54660.23
07-May-2026 16:00,Siddeshwara Kirana Store,RR865144,326.02,0.0,54334.2
08-May-2026 02:00,Auto-UPI Pay,RR927363,372.3,0.0,53961.9
08-May-2026 12:00,Shell Petrol Bunk,RR454846,714.59,0.0,53247.31
08-May-2026 22:00,Local Vegetable Vendor,RR298188,661.34,0.0,52585.96
09-May-2026 08:00,Local Vegetable Vendor,RR948477,419.06,0.0,52166.9
09-May-2026 18:00,Star Local Supermarket,RR426790,345.45,0.0,51821.45
10-May-2026 04:00,Auto-UPI Pay,RR934832,1027.06,0.0,50794.39
10-May-2026 14:00,Amma Bakery,RR586097,53.91,0.0,50740.48
11-May-2026 00:00,SLV Refreshments,RR525108,1196.11,0.0,49544.37
11-May-2026 10:00,Siddeshwara Kirana Store,RR186553,1180.06,0.0,48364.31
11-May-2026 20:00,Fastrack Service Center,RR952210,497.93,0.0,47866.38
12-May-2026 06:00,Auto-UPI Pay,RR192315,1040.18,0.0,46826.2
12-May-2026 16:00,Local Vegetable Vendor,RR747847,946.95,0.0,45879.24
13-May-2026 02:00,SLV Refreshments,RR484717,1197.01,0.0,44682.24
13-May-2026 12:00,Nandini Milk Parlour,RR913014,641.55,0.0,44040.69
13-May-2026 22:00,Fastrack Service Center,RR704223,899.6,0.0,43141.09
14-May-2026 08:00,Nandini Milk Parlour,RR757184,763.53,0.0,42377.56
14-May-2026 18:00,Fastrack Service Center,RR851963,984.2,0.0,41393.35
15-May-2026 04:00,Star Local Supermarket,RR727141,860.77,0.0,40532.58
15-May-2026 14:00,SLV Refreshments,RR732166,261.9,0.0,40270.68
16-May-2026 00:00,Amma Bakery,RR351975,1125.02,0.0,39145.66
16-May-2026 10:00,Amma Bakery,RR306516,410.76,0.0,38734.9
16-May-2026 20:00,Shell Petrol Bunk,RR265269,267.58,0.0,38467.32
17-May-2026 06:00,Siddeshwara Kirana Store,RR541740,81.85,0.0,38385.47
17-May-2026 16:00,SLV Refreshments,RR256802,816.61,0.0,37568.85
18-May-2026 02:00,Nandini Milk Parlour,RR336621,87.5,0.0,37481.35
18-May-2026 12:00,Fastrack Service Center,RR722747,1068.48,0.0,36412.87
18-May-2026 22:00,Star Local Supermarket,RR998343,485.75,0.0,35927.12
19-May-2026 08:00,Local Vegetable Vendor,RR865922,466.01,0.0,35461.11
19-May-2026 18:00,Amma Bakery,RR668983,1095.9,0.0,34365.21
20-May-2026 04:00,Auto-UPI Pay,RR320807,424.17,0.0,33941.04
20-May-2026 14:00,Amma Bakery,RR967950,1019.4,0.0,32921.64
21-May-2026 00:00,Fastrack Service Center,RR587897,229.88,0.0,32691.76
21-May-2026 10:00,Siddeshwara Kirana Store,RR844307,951.43,0.0,31740.33
21-May-2026 20:00,Balaji Medicals,RR320657,525.33,0.0,31214.99
22-May-2026 06:00,Laundry Service,RR408180,727.97,0.0,30487.02
22-May-2026 16:00,Local Vegetable Vendor,RR411431,436.34,0.0,30050.68
23-May-2026 02:00,Star Local Supermarket,RR944061,631.3,0.0,29419.38
23-May-2026 12:00,Amma Bakery,RR111628,982.7,0.0,28436.68
23-May-2026 22:00,Siddeshwara Kirana Store,RR274336,976.12,0.0,27460.56
24-May-2026 08:00,Fastrack Service Center,RR488603,794.09,0.0,26666.47
24-May-2026 18:00,Laundry Service,RR616888,986.21,0.0,25680.26
25-May-2026 04:00,Star Local Supermarket,RR904231,996.4,0.0,24683.86
25-May-2026 14:00,Fastrack Service Center,RR843217,613.77,0.0,24070.09
26-May-2026 00:00,Siddeshwara Kirana Store,RR291937,389.17,0.0,23680.92
26-May-2026 10:00,Local Vegetable Vendor,RR946327,1134.27,0.0,22546.65
26-May-2026 20:00,Amma Bakery,RR194206,661.01,0.0,21885.63
27-May-2026 06:00,Siddeshwara Kirana Store,RR997123,285.57,0.0,21600.06
27-May-2026 16:00,SLV Refreshments,RR772315,120.47,0.0,21479.59
28-May-2026 02:00,Amma Bakery,RR607610,438.15,0.0,21041.45
28-May-2026 12:00,Local Vegetable Vendor,RR164631,746.58,0.0,20294.87
28-May-2026 22:00,Local Vegetable Vendor,RR987589,639.59,0.0,19655.28
29-May-2026 08:00,Star Local Supermarket,RR544254,836.29,0.0,18818.98
29-May-2026 18:00,SLV Refreshments,RR222299,139.36,0.0,18679.62
30-May-2026 04:00,Local Vegetable Vendor,RR198347,115.44,0.0,18564.18
30-May-2026 14:00,Fastrack Service Center,RR328812,541.08,0.0,18023.1
31-May-2026 00:00,Balaji Medicals,RR913473,898.07,0.0,17125.03
31-May-2026 10:00,Amma Bakery,RR172694,211.67,0.0,16913.37
31-May-2026 20:00,SLV Refreshments,RR180032,946.29,0.0,15967.08
01-Jun-2026 06:00,Laundry Service,RR108317,69.18,0.0,15897.9
01-Jun-2026 16:00,Laundry Service,RR587361,367.22,0.0,15530.67
02-Jun-2026 02:00,Local Vegetable Vendor,RR453523,185.72,0.0,15344.95
02-Jun-2026 12:00,SLV Refreshments,RR292655,892.44,0.0,14452.51
02-Jun-2026 22:00,Nandini Milk Parlour,RR550867,1049.13,0.0,13403.39
03-Jun-2026 08:00,Amma Bakery,RR566088,283.47,0.0,13119.92
03-Jun-2026 18:00,Local Vegetable Vendor,RR665741,218.08,0.0,12901.84
04-Jun-2026 04:00,Star Local Supermarket,RR669564,862.29,0.0,12039.54
04-Jun-2026 14:00,Balaji Medicals,RR282787,769.31,0.0,11270.24
05-Jun-2026 00:00,Auto-UPI Pay,RR505870,820.15,0.0,10450.08
05-Jun-2026 10:00,Balaji Medicals,RR388831,703.53,0.0,9746.55
05-Jun-2026 20:00,Star Local Supermarket,RR431031,327.58,0.0,9418.97
06-Jun-2026 06:00,Fastrack Service Center,RR799664,643.86,0.0,8775.11
06-Jun-2026 16:00,Nandini Milk Parlour,RR360980,641.58,0.0,8133.53
07-Jun-2026 02:00,Auto-UPI Pay,RR579941,509.1,0.0,7624.44
07-Jun-2026 12:00,Local Vegetable Vendor,RR493827,311.72,0.0,7312.72
07-Jun-2026 22:00,Nandini Milk Parlour,RR849279,1023.92,0.0,6288.8
08-Jun-2026 08:00,Auto-UPI Pay,RR641226,899.73,0.0,5389.08
08-Jun-2026 18:00,Local Vegetable Vendor,RR285990,144.25,0.0,5244.83
09-Jun-2026 04:00,Laundry Service,RR816768,492.33,0.0,4752.49
09-Jun-2026 14:00,Nandini Milk Parlour,RR250551,398.97,0.0,4353.52
10-Jun-2026 00:00,Shell Petrol Bunk,RR979895,855.1,0.0,3498.42
10-Jun-2026 10:00,Shell Petrol Bunk,RR457217,737.45,0.0,2760.97
10-Jun-2026 20:00,Star Local Supermarket,RR873656,323.74,0.0,2437.23
11-Jun-2026 06:00,SLV Refreshments,RR307196,271.99,0.0,2165.24
11-Jun-2026 16:00,Balaji Medicals,RR988306,1081.09,0.0,1084.15
12-Jun-2026 02:00,Shell Petrol Bunk,RR576322,1014.99,0.0,69.16
12-Jun-2026 12:00,Siddeshwara Kirana Store,RR684171,652.75,0.0,212.19
12-Jun-2026 22:00,SLV Refreshments,RR942099,655.46,0.0,241.35
13-Jun-2026 08:00,Siddeshwara Kirana Store,RR857292,679.34,0.0,251.04
13-Jun-2026 18:00,Nandini Milk Parlour,RR297102,161.06,0.0,89.98
14-Jun-2026 04:00,Fastrack Service Center,RR224996,492.91,0.0,435.82
14-Jun-2026 14:00,Fastrack Service Center,RR472736,895.66,0.0,313.64
15-Jun-2026 00:00,Amma Bakery,RR183753,518.6,0.0,422.42
15-Jun-2026 10:00,Fastrack Service Center,RR243234,811.08,0.0,259.24
15-Jun-2026 20:00,Auto-UPI Pay,RR649283,1023.42,0.0,320.72
16-Jun-2026 06:00,SLV Refreshments,RR767427,1053.7,0.0,231.16
16-Jun-2026 16:00,Laundry Service,RR334825,773.68,0.0,150.0
17-Jun-2026 02:00,Auto-UPI Pay,RR758266,957.4,0.0,360.05
17-Jun-2026 12:00,Laundry Service,RR387112,1123.62,0.0,126.89
17-Jun-2026 22:00,Siddeshwara Kirana Store,RR679852,715.16,0.0,111.5
18-Jun-2026 08:00,Laundry Service,RR422491,901.02,0.0,445.43
18-Jun-2026 18:00,Auto-UPI Pay,RR893957,488.34,0.0,499.4
19-Jun-2026 04:00,Nandini Milk Parlour,RR273364,743.02,0.0,105.47
19-Jun-2026 14:00,Amma Bakery,RR237954,653.08,0.0,474.13
20-Jun-2026 00:00,Amma Bakery,RR378040,576.5,0.0,143.1
20-Jun-2026 10:00,Fastrack Service Center,RR281639,917.51,0.0,254.26
20-Jun-2026 20:00,SLV Refreshments,RR996669,757.6,0.0,261.78
21-Jun-2026 06:00,Nandini Milk Parlour,RR515904,305.73,0.0,241.42
21-Jun-2026 16:00,Balaji Medicals,RR123668,874.52,0.0,406.57
22-Jun-2026 02:00,Auto-UPI Pay,RR970101,597.94,0.0,277.58
22-Jun-2026 12:00,Amma Bakery,RR884284,78.5,0.0,199.09
22-Jun-2026 22:00,Balaji Medicals,RR655636,358.61,0.0,125.93
23-Jun-2026 08:00,Balaji Medicals,RR578987,389.85,0.0,425.74
23-Jun-2026 18:00,Laundry Service,RR900310,721.62,0.0,435.95
24-Jun-2026 04:00,Nandini Milk Parlour,RR407263,797.04,0.0,454.66
24-Jun-2026 14:00,Local Vegetable Vendor,RR925066,1175.53,0.0,401.9
25-Jun-2026 00:00,Balaji Medicals,RR538010,110.32,0.0,291.59
25-Jun-2026 10:00,SLV Refreshments,RR397176,531.4,0.0,399.89
25-Jun-2026 20:00,Shell Petrol Bunk,RR152765,883.28,0.0,455.07
26-Jun-2026 06:00,Balaji Medicals,RR831866,117.37,0.0,337.7
26-Jun-2026 16:00,Laundry Service,RR182353,294.5,0.0,43.2
27-Jun-2026 02:00,Auto-UPI Pay,RR471312,604.76,0.0,430.64
27-Jun-2026 12:00,Local Vegetable Vendor,RR212827,941.27,0.0,150.56
27-Jun-2026 22:00,Shell Petrol Bunk,RR660437,1153.91,0.0,192.59
28-Jun-2026 08:00,Amma Bakery,RR283189,436.19,0.0,286.48
28-Jun-2026 18:00,Fastrack Service Center,RR811212,307.88,0.0,144.72
29-Jun-2026 04:00,Fastrack Service Center,RR770686,1140.1,0.0,401.87
29-Jun-2026 14:00,Amma Bakery,RR206467,644.52,0.0,273.45
30-Jun-2026 00:00,Nandini Milk Parlour,RR417851,410.76,0.0,405.06
30-Jun-2026 10:00,Balaji Medicals,RR724014,1025.09,0.0,461.49
30-Jun-2026 20:00,SLV Refreshments,RR345930,254.31,0.0,207.18
01-Jul-2026 06:00,Shell Petrol Bunk,RR289884,861.26,0.0,309.45
01-Jul-2026 16:00,Local Vegetable Vendor,RR435496,178.4,0.0,131.05
02-Jul-2026 02:00,Fastrack Service Center,RR846821,526.94,0.0,424.6
02-Jul-2026 12:00,Fastrack Service Center,RR993802,835.38,0.0,388.84
02-Jul-2026 22:00,Balaji Medicals,RR709113,409.94,0.0,296.02
03-Jul-2026 08:00,Auto-UPI Pay,RR919490,92.75,0.0,203.28
03-Jul-2026 18:00,Fastrack Service Center,RR742758,1090.54,0.0,497.68
04-Jul-2026 04:00,Shell Petrol Bunk,RR542341,908.45,0.0,210.68
04-Jul-2026 14:00,Fastrack Service Center,RR817039,809.07,0.0,376.38
05-Jul-2026 00:00,SLV Refreshments,RR184466,829.76,0.0,452.44
05-Jul-2026 10:00,Fastrack Service Center,RR203353,487.21,0.0,336.18
05-Jul-2026 20:00,Siddeshwara Kirana Store,RR929683,868.98,0.0,162.54
06-Jul-2026 06:00,Fastrack Service Center,RR108269,1119.76,0.0,462.01
06-Jul-2026 16:00,Nandini Milk Parlour,RR966510,658.03,0.0,204.0
07-Jul-2026 02:00,Auto-UPI Pay,RR983718,477.6,0.0,149.57
07-Jul-2026 12:00,Auto-UPI Pay,RR604474,477.45,0.0,151.76
07-Jul-2026 22:00,Amma Bakery,RR434310,489.08,0.0,426.13
08-Jul-2026 08:00,Amma Bakery,RR519083,690.63,0.0,276.83
08-Jul-2026 18:00,Star Local Supermarket,RR656167,882.14,0.0,263.42
09-Jul-2026 04:00,Shell Petrol Bunk,RR966412,955.81,0.0,352.92
09-Jul-2026 14:00,Local Vegetable Vendor,RR721779,50.55,0.0,302.36
10-Jul-2026 00:00,Star Local Supermarket,RR867584,223.57,0.0,78.79
10-Jul-2026 10:00,Fastrack Service Center,RR555076,643.47,0.0,477.27
10-Jul-2026 20:00,Siddeshwara Kirana Store,RR284388,322.53,0.0,154.74
11-Jul-2026 06:00,Local Vegetable Vendor,RR934376,385.91,0.0,352.43
11-Jul-2026 16:00,Balaji Medicals,RR129962,178.23,0.0,174.2
12-Jul-2026 02:00,Laundry Service,RR129200,1061.49,0.0,267.17
12-Jul-2026 12:00,Laundry Service,RR260816,569.06,0.0,228.93
12-Jul-2026 22:00,Shell Petrol Bunk,RR862871,740.51,0.0,428.49
13-Jul-2026 08:00,Nandini Milk Parlour,RR962077,156.01,0.0,272.48
13-Jul-2026 18:00,SLV Refreshments,RR144356,1080.28,0.0,282.97
14-Jul-2026 04:00,Amma Bakery,RR703547,599.71,0.0,456.9
14-Jul-2026 14:00,Fastrack Service Center,RR182769,181.02,0.0,275.87
15-Jul-2026 00:00,Local Vegetable Vendor,RR179221,443.06,0.0,488.83
15-Jul-2026 10:00,Laundry Service,RR582867,412.63,0.0,76.21
15-Jul-2026 20:00,Fastrack Service Center,RR799525,330.52,0.0,113.49
16-Jul-2026 06:00,Fastrack Service Center,RR794899,1073.0,0.0,221.4
16-Jul-2026 16:00,Siddeshwara Kirana Store,RR597555,1146.7,0.0,294.72
17-Jul-2026 02:00,Amma Bakery,RR500696,747.4,0.0,232.86
17-Jul-2026 12:00,Fastrack Service Center,RR260528,455.87,0.0,355.68
17-Jul-2026 22:00,Star Local Supermarket,RR955874,1072.29,0.0,435.15
18-Jul-2026 08:00,Shell Petrol Bunk,RR551683,223.87,0.0,211.28
18-Jul-2026 18:00,Laundry Service,RR674695,1043.96,0.0,401.55
19-Jul-2026 04:00,Siddeshwara Kirana Store,RR716758,405.82,0.0,227.16
19-Jul-2026 14:00,Star Local Supermarket,RR392588,949.31,0.0,432.93
20-Jul-2026 00:00,Star Local Supermarket,RR226901,741.59,0.0,468.79
20-Jul-2026 10:00,Star Local Supermarket,RR457059,1001.21,0.0,401.3
20-Jul-2026 20:00,Nandini Milk Parlour,RR843129,294.02,0.0,107.28
21-Jul-2026 06:00,Star Local Supermarket,RR198096,561.73,0.0,396.98
21-Jul-2026 16:00,Auto-UPI Pay,RR621698,1093.67,0.0,473.74
22-Jul-2026 02:00,Auto-UPI Pay,RR320429,845.63,0.0,425.84
22-Jul-2026 12:00,Amma Bakery,RR370730,182.23,0.0,243.61
22-Jul-2026 22:00,Balaji Medicals,RR824116,494.6,0.0,429.05
23-Jul-2026 08:00,Nandini Milk Parlour,RR894919,961.59,0.0,236.46
23-Jul-2026 18:00,SLV Refreshments,RR416685,1102.6,0.0,185.02
24-Jul-2026 04:00,SLV Refreshments,RR920993,963.99,0.0,396.11
24-Jul-2026 14:00,Auto-UPI Pay,RR439949,818.46,0.0,165.01
25-Jul-2026 00:00,Nandini Milk Parlour,RR436809,206.86,0.0,308.63
25-Jul-2026 10:00,Siddeshwara Kirana Store,RR484012,350.87,0.0,451.9
25-Jul-2026 20:00,Local Vegetable Vendor,RR406376,1039.1,0.0,460.68
26-Jul-2026 06:00,Fastrack Service Center,RR481892,963.55,0.0,238.97
26-Jul-2026 16:00,Amma Bakery,RR209687,826.0,0.0,123.74
27-Jul-2026 02:00,Auto-UPI Pay,RR870237,1162.72,0.0,468.95
27-Jul-2026 12:00,Local Vegetable Vendor,RR860021,894.52,0.0,366.62
27-Jul-2026 22:00,SLV Refreshments,RR549200,197.44,0.0,169.18
28-Jul-2026 08:00,Amma Bakery,RR872068,542.47,0.0,241.73
28-Jul-2026 18:00,Local Vegetable Vendor,RR508003,735.59,0.0,447.51
29-Jul-2026 04:00,Fastrack Service Center,RR995126,82.99,0.0,364.52
29-Jul-2026 14:00,Balaji Medicals,RR497317,876.84,0.0,282.82
30-Jul-2026 00:00,Shell Petrol Bunk,RR642963,578.52,0.0,367.7
30-Jul-2026 10:00,Star Local Supermarket,RR601957,754.47,0.0,435.19
30-Jul-2026 20:00,Shell Petrol Bunk,RR350531,392.38,0.0,42.8
31-Jul-2026 06:00,Auto-UPI Pay,RR904275,240.86,0.0,163.31
31-Jul-2026 16:00,Amma Bakery,RR406280,772.21,0.0,155.01
01-Aug-2026 02:00,Fastrack Service Center,RR194235,138.14,0.0,16.87
01-Aug-2026 12:00,Nandini Milk Parlour,RR325072,922.42,0.0,457.96
01-Aug-2026 22:00,Siddeshwara Kirana Store,RR640995,865.0,0.0,217.69
02-Aug-2026 08:00,Fastrack Service Center,RR862873,738.29,0.0,231.72
02-Aug-2026 18:00,Local Vegetable Vendor,RR619344,248.82,0.0,342.39
03-Aug-2026 04:00,Nandini Milk Parlour,RR328589,899.53,0.0,162.18
03-Aug-2026 14:00,Star Local Supermarket,RR104237,923.52,0.0,416.96
04-Aug-2026 00:00,Shell Petrol Bunk,RR574573,808.88,0.0,230.73
04-Aug-2026 10:00,Amma Bakery,RR827057,578.29,0.0,114.1
04-Aug-2026 20:00,Shell Petrol Bunk,RR352911,727.05,0.0,166.54
05-Aug-2026 06:00,Star Local Supermarket,RR745542,154.23,0.0,12.31
05-Aug-2026 16:00,Balaji Medicals,RR851579,943.43,0.0,459.19
06-Aug-2026 02:00,Balaji Medicals,RR625684,1175.19,0.0,117.02
06-Aug-2026 12:00,Shell Petrol Bunk,RR109148,223.89,0.0,204.53
06-Aug-2026 22:00,Fastrack Service Center,RR948128,284.28,0.0,146.56
07-Aug-2026 08:00,Amma Bakery,RR536914,1143.75,0.0,314.11
07-Aug-2026 18:00,Fastrack Service Center,RR822270,333.15,0.0,237.65
08-Aug-2026 04:00,Laundry Service,RR785482,57.26,0.0,180.38
08-Aug-2026 14:00,Local Vegetable Vendor,RR875690,318.83,0.0,353.64
09-Aug-2026 00:00,Balaji Medicals,RR256853,551.27,0.0,362.83
09-Aug-2026 10:00,Local Vegetable Vendor,RR636624,1179.28,0.0,321.02
09-Aug-2026 20:00,Amma Bakery,RR403386,720.05,0.0,280.71
10-Aug-2026 06:00,Balaji Medicals,RR382171,784.41,0.0,149.51
10-Aug-2026 16:00,Fastrack Service Center,RR607510,1018.72,0.0,135.14
11-Aug-2026 02:00,Local Vegetable Vendor,RR481142,678.23,0.0,276.85
11-Aug-2026 12:00,Siddeshwara Kirana Store,RR130523,1165.78,0.0,231.0
11-Aug-2026 22:00,Amma Bakery,RR799367,112.43,0.0,118.58
